1314 1970
213 116 448 151 BIBLIOTH.
464 119 587 152 HIST.
604 118 689 152 LlB.
705 118 751 150 ΙΙ.
768 118 868 151 CAP.
886 121 945 159 54.
1016 120 1087 158 261

76 190 152 231 λοῒς
169 187 232 225 καὶ
247 189 414 237 μεγάλοις
434 188 653 236 διειλημμένη
672 189 823 230 πολλοὺς
845 191 940 225 ποιεῖ
960 190 1088 231 τόπους

76 246 313 293 λιμνάζοντας,
353 244 412 281 καὶ
429 246 588 292 μεγάλων
611 246 694 280 ἑλῶν
712 245 949 294 περιμέτρους.
1006 248 1088 286 Τοῖς

77 298 108 336 δ’
128 304 164 337 ἐκ
187 302 444 347 τῶν·ποταμῶν
461 303 627 342 ἐπακτοῖς
646 299 753 337 ὕδασι
780 300 841 337 καὶ
868 303 942 344 τοῖς
966 303 1002 337 ἐκ
1022 303 1088 336 τῶν

74 358 230 406 θερινῶν
249 355 393 405 ὄμβρων
409 358 605 405 γινομένοις
632 355 841 405 ἀρδεύοντες
866 358 1000 401 πολλὴν
1020 357 1088 402 χώ-

75 427 154 462 ραν,
188 412 248 449 καὶ
268 412 414 454 διπλοῦς
431 412 590 461 καρποὺς
609 414 844 459 λαμβάνουσι.
904 414 1031 461 Τρέφει
1052 413 1088 449 δὲ

75 469 96 505 ὁ
115 470 222 511 τόπος
241 469 346 509 οὗτος
364 470 565 514 ἐλεφάντων
584 467 723 516 ἀγέλας,
749 469 809 505 καὶ
824 465 913 504 α’λλα
933 471 1000 512 ζῶα
1021 483 1087 514 κη-

74 525 181 570 τώδη,
212 527 366 573 χερσαῖα
403 526 550 573 [θηρία]
588 539 647 560 και
668 525 845 573 δίμορφα,
883 528 959 566 ταῖς
978 524 1086 567 ἰδέαις

72 582 319 629 ἐξηλλαγμένα.
373 582 473 630 Πρὸς
498 581 535 616 δὲ
563 581 700 622 τούτοις
717 582 935 630 θρεμμάτων
954 594 1086 617 nano·

72 636 194 672 δαπῶν
219 636 376 682 πληθύει
402 637 462 673 καὶ
486 638 641 683 μάλιστα
667 638 762 683 βοῶν
791 636 850 673 καὶ
883 639 1084 685 προβάτων,

69 694 137 728 τῶν
154 694 219 734 τάς
236 694 390 741 μεγάλας
408 693 468 729 καὶ
485 693 632 738 παχείας
650 690 759 742 οὐράς
777 695 935 737 ἑχόντων.
979 694 1085 730 11λεῖ-

70 763 137 785 στα
156 748 271 785 δὲκαὶ
291 749 545 799 διαφορώτατα
563 751 645 796 γένη
666 750 830 795 καμήλων
845 751 982 798 τρέφει,
1018 751 1085 784 τῶν

70 819 104 840 τε
125 806 237 852 ψιλῶν
265 804 325 841 καὶ
358 805 505 848 δασέων,
543 805 603 841 καὶ
640 805 792 841 διπλοῦν
819 805 1085 842 ἀνατετακότων

70 862 108 896 τὸ
128 861 218 897 κατά
236 862 299 905 τήν
320 862 421 909 ῥάχιν
440 861 615 908 κύρτωμα,
653 861 714 896 καὶ
732 861 790 897 διά
810 864 915 898 τοῦτο
937 861 1085 897 διτύλων

69 915 358 964 ὀνομαζομένων·
404 908 449 952 ὧν
476 916 514 952 αἱ
537 917 601 965 μὲν
625 918 719 965 γάλα
756 920 992 966 παρεχόμεναι
1024 918 1086 953 καὶ

70 972 397 1020 κρεοφαγούμεναι,
435 974 568 1017 πολλὴν
587 973 799 1022 παρέχονται
817 977 890 1016 τοῖς
907 974 1084 1022 ἐγχωρίοις

72 1029 281 1076 δαψίλειαν·
317 1029 355 1064 αῖ
383 1028 419 1064 δὲ
446 1030 534 1078 πρὸς
555 1030 779 1077 νωτοφορίαν
798 1029 990 1078 ἠσκημέναι
1011 1021 1087 1066 πυξ-

71 1086 141 1133 ρῶν
157 1085 223 1131 μὲν
242 1083 312 1121 ἀνά
331 1085 413 1121 δέκα
430 1086 622 1132 μεδίμνους
640 1089 918 1134 νωτοφοροῦσιν,
940 1085 1086 1134 ἀνθρώ-

72 1154 162 1182 πους
181 1141 218 1177 δὲ
255 1144 524 1188 κατακειμένους
542 1141 600 1179 ἐπὶ
619 1144 734 1186 κλίνης
752 1144 852 1179 πέντε
887 1143 1087 1190 βαστάζου-

74 1210 148 1233 σιν·
186 1197 224 1233 αἱ
243 1198 281 1233 δὲ
306 1195 483 1234 ἀνάκωλοι
518 1198 577 1233 καὶ
612 1198 768 1247 λαγαραὶ
804 1201 878 1241 ταῖς
897 1200 1088 1235 συστάσεσι

75 1253 250 1302 δρομάδες
268 1251 345 1296 εἶσί,
384 1253 446 1289 καὶ
481 1253 695 1291 διατείνουσι
722 1257 887 1291 πλεῖστον
915 1255 1003 1291 ὁδοῦ
1020 1257 1089 1301 μῆ,

73 1324 144 1352 κος,
182 1309 243 1345 καὶ
278 1311 431 1357 μάλιστα
468 1311 557 1359 πρὸς
591 1312 654 1352 τάς
687 1310 744 1347 διά
774 1313 832 1356 τῆς
848 1308 1008 1359 ἀνύδρου
1028 1310 1087 1346 καὶ

74 1366 207 1414 ἐρήμου
230 1368 507 1413 συντελουμένας
525 1365 742 1415 ὁδοιπορίας.
787 1365 834 1402 Αἱ
853 1362 884 1401 δ’
900 1364 1007 1402 αὐταὶ
1027 1367 1087 1403 καὶ

77 1423 168 1458 κατά
187 1422 269 1464 τούς
287 1423 461 1468 πολέμους
481 1419 526 1463 εἷς
559 1424 618 1463 τάς
653 1424 766 1469 μάχας
785 1421 929 1467 {zemma
947 1424 1088 1465 τοξότας

76 1475 227 1526 ὂῖγονται
247 1477 323 1522 δύο,
352 1476 662 1525 ἀντικαθημένους
688 1477 848 1523 ἀλλήλοις
865 1476 1087 1522 ἀντινώτους.

83 1533 227 1571 Τούτων
247 1535 283 1570 δὲ
303 1534 323 1570 ὁ
341 1535 405 1580 μὲν
423 1534 505 1575 τούς
523 1535 614 1570 κατά
641 1535 826 1583 πρόςωπον
846 1533 1087 1577 ἀπαντῶντας,

77 1589 98 1626 ὁ
119 1591 155 1627 δὲ
174 1590 255 1632 τούς
272 1588 565 1633 ἐπιδιώκοντας”
540 1589 721 1637 αμίνεται.
759 1589 849 1639 Περὶ
866 1591 928 1637 μὲν
947 1582 1013 1626 οὖν
1036 1593 1090 1636 τῆς

77 1642 239 1695 Ἀραβίας
264 1646 323 1682 καὶ
361 1661 428 1682 των
455 1650 490 1683 ἐν
517 1642 611 1695 αὗτῆ
645 1649 844 1694 φυομέιων,
880 1645 988 1683 εἶκαὶ
1023 1660 1091 1683 πε-

79 1704 332 1751 πλεονάκαμεν,
371 1699 444 1739 ἀλλ’
467 1693 532 1739 οἷν
551 1703 666 1739 πολλοὶ
686 1704 759 1745 τοῖς
778 1703 1091 1753 φιλαναγνωστοῦ-

78 1772 115 1795 σι
141 1760 229 1810 πρὸς
247 1758 435 1807 φιληκοΐαν
455 1758 734 1808 ἀπηγγέλκαμεν.
