1353 1989
240 91 289 126 50
531 82 732 117 DIODORI
778 81 935 116 SICVLI

238 156 304 192 τοῦ
332 154 426 190 θεοῦ
449 154 650 202 χρήσαντος
676 154 871 202 συμφέρειν
897 152 967 201 πρὸ
994 154 1055 198 τῆς
1079 167 1127 196 εις
1154 154 1265 194 θεοὺς

238 211 461 258 μεταλλαγῆς
489 207 663 246 ἀποικίαν
692 206 739 250 εἶς
764 207 888 257 Σαρδὼ
905 210 1065 256 πέμψαι,
1103 208 1163 246 καὶ
1183 211 1266 250 τούς

240 270 276 304 ἐκ
297 267 364 302 τῶν
388 266 598 302 Θεσπιαδων
618 262 715 313 αὐτῷ
733 266 946 314 γενομένους
970 263 1072 306 υἱοὺς
1089 262 1268 314 ἡγεμόνας

242 325 393 368 ποιῆσαι
412 322 561 368 ταύτης,
599 321 710 370 ε’κρινε
735 323 797 357 τὸν
826 319 1046 367 ἀδελφιδοῦν
1060 318 1199 358 Ἰόλαον
1213 324 1268 358 ἐκ·

241 382 379 427 πέμψαι
397 378 486 427 μετὰ
508 381 575 414 τῶν
591 378 742 422 παίδων,
763 377 823 414 dui
842 378 882 413 τὸ
901 379 1079 421 παντελῶς
1097 380 1196 420 νέους
1213 374 1268 414 εἶ-

240 450 311 473 ναι.
352 432 560 504 Ἀναγκαῖον
580 431 619 470 δ’
639 431 725 481 ἡμῖν
744 436 911 481 φαίνεται
932 434 1164 483 προδιελθεῖν
1184 433 1264 483 περὶ

241 495 301 538 τῆς
319 493 483 540 γενέσεως
500 493 568 527 τῶν
586 491 736 533 παίδων,
765 490 824 526 ἵνα
844 492 905 527 τὸν
925 505 1005 539 περι
1025 493 1086 537 τῆς
1101 489 1267 532 ἀποικίας

241 551 350 597 λόγον
370 547 629 601 καθαρώτερον
647 548 829 584 ἐκθέσθαι
851 548 1075 594 δυνηθῶμεν.
1118 548 1269 588 Θέσπιος

241 620 311 653 γαρ
333 603 423 653 ἀνὴρ
443 603 486 649 ἦν
505 605 546 640 τὸ
564 606 666 652 γένος
684 605 859 649 επιφανὴς
878 607 913 639 ἐκ
932 605 1000 639 τῶν
1015 600 1184 648 Αθηνῶν,
1195 602 1270 646 υἶός

236 659 444 710 Ἐρεχθέως.
465 660 675 697 Βασιλεύων
695 660 732 696 δὲ
751 662 810 705 τῆς
830 660 1022 707 ὁμωνύμου
1036 659 1165 709 χώρας,
1178 661 1270 707 ἐγέν

241 731 345 763 νησεν
361 717 398 754 ἔκ
416 718 586 754 πλειόνων
604 717 786 766 γυναικῶν
805 718 1012 764 θυγατέρας
1037 716 1268 760 πεντήκοντα.

238 771 455 822 Ἡρακλέους
473 773 509 808 δὲ
530 773 580 809 ἔτι
596 773 725 814 παιδὸς
736 771 839 813 ὄντος
858 774 920 818 τὴν
934 770 1085 818 ἡλικίαν,
1099 772 1161 808 καὶ
1172 772 1271 820 ῥώμῃ

243 830 408 898 σωματος
430 829 637 879 ὑπερφυοῦς
657 829 770 870 ὄντος,
799 830 1040 876 ἐφιλοτιμήθη
1062 826 1124 870 τοὶς
1141 831 1271 876 θυγα-

245 888 346 956 τέρας
364 890 401 923 ἐκ
421 885 556 923 τούτου
575 885 918 929 τεκνοποιήσασθαι.
955 886 1022 921 Διὸ
1043 884 1104 920 καὶ
1122 886 1272 925 καλέσας

245 941 355 979 αὐτόν
375 943 435 979 ἐπί
453 957 534 979 τινα
552 943 704 987 θυσίαν,
727 941 787 977 καὶ
805 941 1003 990 λαμπρῶς*
989 942 1165 984 εστιάσας,
1185 938 1271 976 ἀπέ-

245 1002 356 1036 στειλε
383 1001 474 1036 κατὰ
500 1001 588 1067 μίαν
606 1000 675 1034 τῶν
694 999 928 1067 θυγατέρων·
962 1001 1018 1039 αἱς
1037 996 1192 1038 ἁπάσαις
1207 1010 1273 1043 μι-

244 1057 329 1104 γείς,
349 1056 410 1091 καὶ
427 1056 583 1099 ποιήσας
601 1055 766 1103 εγκύους,
796 1055 932 1101 εγένετο
950 1054 1068 1103 πατὴρ
1088 1052 1175 1089 υἱῶν
1192 1066 1276 1089 πεν-

246 1113 420 1156 τήκοντα,
448 1111 497 1147 ὡν
513 1111 699 1158 λαβόντων
718 1111 780 1155 τήν
799 1112 924 1156 κοινήν
941 1110 1183 1177 προςηγορίαν
1201 1107 1275 1144 ἀπὸ

246 1169 315 1204 τῶν
340 1167 559 1209 Θεσπιάδων,
581 1166 642 1203 καὶ
661 1169 859 1215 γενομένων
877 1168 1060 1212 ἐνηλίκων,
1082 1164 1274 1215 εἳιρινενεκ-

246 1225 397 1271 πέμπειν
409 1224 560 1265 τούτους
581 1222 628 1265 εἷς
646 1225 710 1267 τὴν
730 1222 902 1260 ἀποικίαν
913 1225 976 1269 τήν
987 1222 1032 1265 εἰς
1044 1222 1174 1272 Σαρδὼ
1184 1222 1274 1258 κατοὶ

247 1282 309 1317 τὸν
323 1281 495 1330 χρησμόν.
526 1277 752 1328 Ἠγουμένου
771 1279 808 1315 δὲ
827 1281 892 1316 τοῦ
912 1281 1042 1316 στόλου
1061 1279 1193 1321 παντὸς
1208 1274 1274 1314 Ἰο-

245 1338 349 1381 mov,
364 1337 426 1373 καὶ
436 1338 786 1386 συνεστρατευμένου
796 1336 921 1382 σχεδὸν
933 1334 1078 1378 ἁπάσας
1094 1336 1156 1377 τοὶς
1165 1348 1274 1383 στρα-

246 1395 348 1437 τείας,
369 1396 558 1443 ἐπέτρεψεν
588 1391 686 1442 αὖτῷ
705 1395 750 1429 τοὶ
768 1392 849 1442 περὶ
874 1392 957 1435 τούς
979 1391 1184 1431 Θεσπιάδας
1213 1390 1274 1427 καὶ

245 1451 309 1496 τὴν
325 1449 508 1487 ἀποικίαν.
570 1452 647 1487 Τῶν
667 1450 704 1486 δὲ
723 1450 947 1494 πεντήκοντα
966 1447 1104 1484 παίδων
1122 1447 1187 1483 δύο
1208 1447 1275 1494 μὲν

247 1508 458 1555 κατέμειναν
477 1521 514 1543 εν
533 1509 611 1549 ταῖς
634 1507 780 1555 Θήβαις,
792 1497 840 1542 ὧν
858 1506 941 1547 τοὺς
959 1503 1163 1553 ἀπογόνους
1179 1517 1271 1551 φασι

245 1565 345 1613 μέχρι
371 1578 436 1600 του
456 1565 521 1600 νῦν
541 1565 749 1616 τιμᾶσθαι·
771 1563 860 1599 ἑπτα
889 1558 925 1598 δ
946 1564 983 1597 ἐν
1005 1562 1186 1602 Θεσπιαῖς,
1210 1555 1273 1601 οὓς

247 1618 704 1670 ὄνομάζουσιΛημούχους·
725 1618 772 1656 ὡν
791 1619 852 1655 καὶ
869 1619 952 1660 τοὺς
970 1616 1175 1666 ἀπογόνους
1185 1612 1271 1663 '‘77⁷3-

248 1678 392 1714 σασθαί
419 1691 511 1724 φασι
538 1680 599 1723 τῆς
624 1679 756 1719 πόλεως
782 1678 881 1725 μέχρι
899 1676 969 1711 τῶν
995 1674 1169 1721 νεωτέρων
1193 1686 1271 1707 και-

249 1734 328 1780 ρῶν.
371 1735 461 1776 Τοὺς
488 1734 525 1770 δὲ
552 1735 699 1776 λοιπούς
723 1730 888 1770 ἅπαντας
911 1728 1046 1772 Ἰόλαος
1068 1726 1270 1776 ἀναλαβών,
