1353 1989
260 117 328 152 186
573 111 776 144 MODORI
807 111 965 145 SlCVLI

254 197 313 220 οσι
333 183 403 230 πρὸ
432 184 499 217 τῶν
528 183 568 217 τὸ
596 184 710 230 ῥεῦμα
738 182 934 231 δεχομένων
961 185 1119 232 πλευρῶν
1145 184 1274 231 γωνίας

256 238 601 287 προκατεσκεύασεν,
638 238 787 283 ἐχούσας
804 240 868 284 τήν
887 236 1072 287 ἅπορῥοὴν
1089 243 1272 289 περιφερῆ,

253 295 314 332 καὶ
333 294 588 342 συνδεδεμένην
607 291 682 330 κατ’
703 292 822 343 ὀλίγον
842 293 902 336 ἕως
919 297 985 331 τοῦ
1000 297 1088 332 κατά
1098 297 1161 339 τὴν
1170 297 1272 333 κίονα

254 352 430 392 πλάτους·
460 348 553 394 ὅπως
572 350 611 387 αἱ
627 352 691 400 μὲν
711 351 790 400 περὶ
809 353 871 393 τὰς
888 352 1018 399 γωνίας
1037 349 1196 397 ὀξύτητες
1213 353 1273 388 τέ-

252 421 367 456 μνωσι
386 409 447 453 τὴν
467 409 680 457 καταφορὰν
699 410 763 444 τοῦ
783 408 974 456 ῥεύματος,
1013 407 1062 444 αἱ·
1075 409 1111 445 δὲ
1131 410 1274 456 περιφέ-

255 478 348 513 ρειαι
383 477 424 511 τῃ
461 464 595 500 τούτου
629 464 694 512 βίᾳ
730 465 963 500 συνείκουσαι
995 460 1185 521 πραύνωσι
1210 466 1274 510 τὴν

253 520 487 570 σφοδρότητα
508 522 572 557 τοῦ
591 522 768 568 ποταμοῦ.
824 519 871 556 ‘H
885 535 949 569 μεν
969 521 1034 557 οὖν
1052 522 1192 570 γέφυρα
1219 535 1272 557 κε·

255 577 391 626 ὃρίναις
410 577 469 613 καὶ
492 577 760 626 κυπαριττίναις
787 576 924 619 δοκοῖς,
962 577 1012 614 ἔτι
1038 577 1076 613 δὲ
1100 579 1272 623 φοινίκων

252 635 446 678 στελέχεσιν
465 632 725 682 ὑπερμεγέθεσι
742 635 1055 682 κατεστεγασμένη,
1094 634 1154 669 καὶ
1175 635 1273 682 τριά-

254 704 362 726 κοντα
381 690 501 727 ποδῶν
520 682 613 726 οὖσα
639 692 678 726 τὸ
705 691 854 732 πλάτος,
891 687 1036 731 οὖδενός
1060 690 1175 726 ἐδόκει
1203 692 1272 726 τῶν

254 746 495 795 Σεμιράμιδος
513 746 622 795 ἔργων
639 748 682 795 τῇ
700 748 901 795 φιλοτεχνίᾳ
916 749 1123 783 λείπεσθαι·
1144 749 1179 787 ἐξ
1192 749 1270 782 {ua-

255 804 358 851 τέρου
379 803 415 838 δὲ
432 805 561 853 μέρους
579 805 642 839 τοῦ
662 805 827 851 ποταμοῦ
849 803 1004 851 κρηπῖδα
1020 805 1192 847 πολυτελῆ
1211 817 1270 839 κα-

255 859 451 903 τεσκεύασε,
480 860 736 927 παραπλησίαν
755 861 846 895 κατά·
867 862 905 896 τὸ
925 861 1056 902 πλάτος
1075 862 1148 901 τοῖς
1166 860 1273 904 τείχε-

255 929 332 960 σιν,
369 916 430 952 ἐπὶ
458 916 617 952 στάδια*
606 918 731 951 εκατὸν
749 916 926 960 ἑξήκοντα.
983 912 1217 963 ,Ωικοδόμησε
1235 915 1272 951 δὲ

256 972 315 1008 καὶ
333 973 496 1020 βασίλεια
519 973 623 1009 διπλᾶ
642 987 738 1021 παρα
766 974 827 1008 τὸν
853 973 1019 1020 ποταμὸν
1045 975 1080 1013 ἐξ
1102 973 1272 1019 ἑκατέρου

254 1031 383 1076 μέρους
413 1031 471 1074 τῆς
496 1029 670 1078 γεφύρας,
707 1032 743 1070 ἐξ
766 1028 812 1064 ὡν
839 1025 914 1074 ἅμα
939 1031 1003 1074 μὲν
1022 1028 1135 1076 ε’μελλε
1152 1029 1217 1072 τήν
1237 1042 1273 1064 τε

256 1087 358 1120 πόλιν
378 1083 523 1121 ἅπασαν
544 1084 785 1126 κατοπτεύειν,
808 1099 868 1120 και
888 1085 1090 1133 καθαπερεὶ
1104 1086 1166 1126 τοὶς
1180 1086 1273 1126 κλεῖς

255 1141 340 1183 ἕξειν
367 1143 435 1176 τῶν
462 1142 742 1190 ἐπικαιροτάτων
770 1143 828 1185 τῆς
855 1143 986 1181 πόλεως
1004 1143 1132 1178 τόπων.
1198 1142 1272 1176 Τοῦ

257 1194 294 1231 δ’
313 1194 514 1246 Εὗφράτου
535 1197 594 1233 διά
612 1199 721 1245 μέσης
740 1199 798 1241 τῆς
816 1198 1034 1243 Βαβυλῶνος
1052 1199 1195 1246 ῥέοντος
1213 1197 1272 1233 καὶ

254 1255 343 1301 πρὸς
360 1255 588 1302 μεσημβρίαν
607 1255 912 1302 καταφερομένου,
932 1255 1000 1289 τῶν
1017 1254 1206 1300 βασιλείων
1224 1254 1268 1288 τά

253 1312 318 1357 μὲν
337 1313 424 1358 πρὸς
443 1309 622 1355 ἀνατολήν
643 1311 747 1352 ἔνευε,
778 1311 820 1345 τά
840 1309 876 1345 δὲ
895 1311 983 1358 πρὸς
1001 1310 1123 1345 δύσιν·
1152 1308 1272 1358 ιίμφό·

254 1381 338 1415 τερα
359 1366 396 1401 δὲ
415 1368 611 1408 πολυτελῶς
630 1366 899 1402 κατεσκεύαστο.
965 1368 1036 1402 Τοῦ
1055 1366 1119 1413 μὲν
1137 1367 1207 1414 γάρ
1226 1364 1272 1407 εἷς

253 1426 293 1459 τὸ
314 1424 400 1470 πρὸς
420 1426 569 1472 ἑσπέραν
595 1424 758 1472 κειμένου
775 1425 902 1470 μέρους
921 1423 1064 1467 ἐποίησε
1088 1423 1150 1457 τὸν
1175 1423 1272 1470 πρῶ-

252 1492 315 1514 τον
334 1480 525 1527 περίβολον
544 1480 710 1524 ἑξήκοντα
728 1479 890 1520 σταδίων,
915 1477 1066 1526 ὑψηλοῖς
1085 1478 1143 1514 καὶ
1161 1480 1272 1514 πολυ-

252 1537 361 1572 τελέσι
381 1537 525 1579 τείχεσιν
544 1533 781 1581 ὠχυρωμένον,
811 1538 846 1577 ἐξ
862 1532 971 1578 ὄπτῆς
990 1535 1166 1571 πλίνθου·
1195 1533 1270 1570 ἕτε-

255 1606 318 1636 ρον
340 1588 378 1627 δ’
396 1594 492 1635 ἐντὸς
512 1593 645 1628 τούτου
674 1594 865 1641 κυκλοτερῆ
893 1590 1142 1634 κατεσκεύασε,
1182 1587 1267 1626 καθ’

255 1647 297 1682 ὅν
315 1648 350 1683 ἓν
375 1646 486 1696 ὠμαῖς
513 1648 563 1685 ε’τι
589 1651 668 1692 ταῖς
697 1649 867 1691 πλίνθοις
894 1647 1125 1684 διετετύπωτο
1154 1647 1271 1694 θηρία

254 1705 481 1749 παντοδαπά,
503 1707 546 1754 τῆ
565 1707 632 1741 τῶν
648 1706 843 1759 χρωμάτων
864 1705 1076 1750 φιλοτεχνίᾳ,
1097 1704 1160 1747 τήν
1180 1700 1270 1748 αλή-

253 1762 361 1796 &aar
381 1759 670 1810 οἷποιιιιιούμενα.
737 1761 851 1803 Ουτος
871 1757 907 1796 δ’
928 1759 948 1795 ὁ
967 1758 1188 1808 περίθολος’
1170 1773 1212 1804 ην
1230 1761 1273 1796 τὸ
