1353 1989
217 93 300 135 234
538 88 741 122 DIODORI
771 86 930 122 SICVLI

217 151 288 205 οὗ,
310 159 412 197 καθά
432 159 531 206 παρά
550 161 627 199 τοῖς
652 154 789 201 ἄλλοις,
810 156 831 194 ὅ
849 158 983 207 σπόρος
999 159 1067 196 τῶν
1086 159 1244 208 πυρίνων

221 218 357 266 γίνεται
375 215 532 263 καρπῶν,
544 214 611 251 τοῦ
632 211 664 249 δ’
682 215 805 264 ἑτέρου
823 216 916 251 κατὰ
925 215 989 260 τήν
997 216 1145 264 θερινήν
1162 230 1242 264 τρο-

219 274 266 318 πή
272 287 301 315 ν,
314 268 400 308 καθ’
409 268 454 317 ἣν
462 272 681 321 σπείρεσθαι
692 271 904 318 συμβαίνειν
917 271 982 317 τὴν
992 268 1123 322 ὄρυζαν
1130 272 1190 309 καὶ
1199 274 1239 308 τὸ

218 330 421 377 βόσπορον,
434 327 484 364 ἔτι
504 327 540 364 δὲ
561 328 726 376 σήσαμον
745 326 807 363 καὶ
824 329 981 377 κέγχρον,
995 327 1180 375 κατά[ὂὲ]
1200 330 1239 365 τὸ

219 387 388 422 πλεῖστον
407 382 627 433 ἀμφοτέροις
644 386 719 427 τοῖς
736 386 889 432 καρποῖς
906 383 942 420 οἱ
971 386 1062 421 κατά
1087 385 1151 430 τὴν
1174 381 1239 421 Ἰν-

220 442 322 487 δικήν
341 441 633 489 ἐπιτυγχάνουσι.
693 442 849 477 Πάντων
877 440 914 476 δὲ
936 442 985 487 μή
1011 443 1243 490 τελεςφορου-

217 500 347 546 μένων,
382 500 545 546 θατέρου
561 496 629 534 τῶν
659 497 804 547 καρπῶν
830 494 896 534 οὔκ
915 496 1242 546 ἀποτυγχάνουσιν·

212 555 256 591 οἵ
271 569 307 591 τε
326 551 619 602 αὗτοματίζοντες
645 554 796 602 καρποί,
826 552 886 590 καὶ
907 552 944 590 αἶ
963 556 1054 591 κατά
1065 554 1147 595 τούς
1162 554 1244 590 ἑλώ-

219 611 288 654 δεις
306 612 440 652 τόπους
457 611 634 658 φυόμεναι
661 611 772 658 ῥίζαι,
810 610 982 659 διάφοροι
1009 613 1086 653 ταῖς
1110 610 1242 658 γλυκύ-

172 676 174 678 ’
215 681 319 713 τησιν
348 660 475 710 οὖσαι,
521 667 655 711 πολλὴν
681 669 900 714 παρέχονται
923 669 998 708 τοῖς
1032 666 1245 715 ἀνθρώποις

221 724 422 772 δαψίλειαν.
484 724 617 759 Πάντα
635 724 704 771 γάρ
726 723 852 768 σχεδὸν
871 724 913 759 τοὶ
933 724 1025 759 κατά
1044 724 1108 769 τὴν
1124 723 1244 771 χώραν

215 781 327 817 πεδία
346 781 515 828 γλυκεῖαν
534 779 599 825 ἔχει
619 781 683 823 τήν
709 777 781 816 άπὸ
802 779 869 815 τῶν
896 780 1067 827 ποταμῶν
1094 777 1243 827 ἰκμάδα,

221 837 283 874 καὶ
301 839 364 882 τήν
385 835 458 873 άπὸ
486 836 554 872 τῶν
581 835 727 884 ὄμβρων
754 836 821 872 τῶν
846 838 883 871 ἐν
901 836 948 884 τῷ
973 838 1076 883 θέρει
1102 837 1246 884 γινομέ·

221 908 312 936 νων,
349 890 421 929 κατ’
443 894 608 929 ἐνιαυτὸν
636 892 785 941 κυκλικῇ
808 892 879 928 τινὶ
902 892 1057 941 περιόδῳ
1083 891 1246 941 παραδό-

220 953 283 993 ξως
302 948 485 987 εἰωθότων
502 950 691 997 γίνεσθαι·
719 948 778 985 καὶ
798 951 860 991 τάς
879 951 914 985 ἐν
932 951 1008 991 τοῖς
1034 947 1125 985 ἕλεσι
1150 950 1247 997 ῥίζας

223 1005 374 1055 ἕψοντος
395 1007 461 1043 τοῦ
480 1005 683 1054 καύματος,
722 1004 783 1041 καὶ
809 1007 964 1052 μάλιστα
991 1005 1059 1041 τῶν
1084 1005 1247 1052 μεγάλων

224 1064 404 1109 καλάμων.
466 1063 745 1109 Συμβάλλονται
763 1061 801 1097 δὲ
819 1062 918 1110 παρά
938 1063 1012 1104 τοῖς
1035 1058 1161 1103 Ἰνδοῖς
1186 1061 1248 1098 καὶ

225 1121 270 1156 τά
302 1121 436 1166 νόμιμα
455 1119 543 1166 πρὸς
571 1119 609 1153 τὸ
634 1117 809 1164 μηδέποτε
837 1119 938 1165 λιμὸν
963 1119 1136 1167 γενέσθαι
1161 1114 1245 1166 παρ’

219 1172 359 1217 .αὗτοῖς.
422 1175 535 1224 Παρά
552 1174 616 1221 μὲν
633 1175 704 1222 γάρ
735 1177 805 1217 τοῖς
832 1171 949 1217 ἄλλοις
974 1173 1187 1224 ἀνθρώποις
1212 1173 1249 1211 οἶ

225 1233 392 1280 πολέμιοι
416 1231 724 1280 καταφθείροντες
752 1231 814 1275 τήν
844 1231 984 1280 χώραν,
1022 1229 1249 1280 ἀγεώργητον

224 1289 551 1331 κατασκευάζουσι·
569 1288 670 1335 παρά
689 1286 727 1322 δὲ
746 1286 886 1330 τούτοις
903 1286 1249 1336 τῶνγεωργῶνῖερῶν

226 1346 288 1382 καὶ
306 1344 447 1382 άσύλων
466 1344 640 1392 ἐωμένων,
685 1342 722 1380 οἳ
748 1346 901 1389 πλησίον
927 1344 995 1380 τῶν
1020 1345 1250 1393 παρατάξεων

222 1401 460 1451 γεωργοῦντες
478 1399 742 1446 ἀνεπαίσθητοι
762 1401 829 1436 τῶν
848 1400 1022 1437 κινδύνων
1040 1399 1140 1437 εἶσίν.
1158 1397 1250 1448 ’Λμ-

227 1460 373 1507 φότεροι
390 1459 461 1506 γάρ
479 1457 515 1493 οἳ
533 1457 768 1504 πολεμοῦντες
793 1455 966 1503 ἆλλήλους
981 1458 1046 1506 μὲν
1074 1456 1249 1494 ἀποκτεί-

224 1529 350 1551 νουσιν
368 1518 404 1550 ἐν
428 1516 508 1556 ταῖς
524 1514 671 1561 μάχαις,
708 1512 793 1555 τούς
811 1514 849 1549 δὲ
877 1513 956 1563 περὶ
983 1515 1048 1559 τὴν
1072 1514 1248 1562 γεωργίαν

220 1571 331 1612 ὄντας
348 1571 450 1607 ἐῶσιν
480 1569 676 1618 ἀβλαβεῖς,
715 1569 759 1611 ὥς
777 1571 919 1613 κοινοὺς
945 1570 1052 1612 ὄντας
1079 1569 1247 1606 ἁπάντων

225 1625 426 1677 εὐεργέτας·
445 1628 507 1670 τάς
525 1641 560 1663 τε
575 1626 692 1675 χώρας
717 1626 786 1662 τῶν
811 1624 1142 1675 ἀντιπολεμούντων
1169 1623 1245 1662 οὔτ’

220 1686 489 1733 ἐμπυρίζουσιν,
531 1679 614 1720 οὔτε
634 1682 944 1732 ὅενδροτομοῦσιν.
