1353 1989
266 59 316 96 54
600 55 804 91 DIODORI
831 54 990 90 S1CVL1

267 141 346 170 τας,
371 126 464 171 πλὴν
484 126 668 174 Νέστορος
685 127 750 162 τοῖ1
766 128 964 169 νεωτάτου,
1002 128 1293 175 συγκαταινοῦν-

266 196 329 223 τας
346 183 395 229 μὴ
416 182 683 231 προςδέξασθαι
710 184 772 219 τὸν
799 183 1007 231 καθαρμόν.
1054 180 1097 219 Ὅ
1123 180 1162 219 δ’
1183 181 1294 232 Ἠρα-

267 241 349 284 κλῆς
366 239 444 274 τότε
461 239 526 286 μὲν
544 238 740 288 παρελθὼν
763 240 850 289 πρὸς
869 237 1062 287 Δηΐφοβον
1087 240 1150 275 τὸν
1169 237 1292 276 Ἱππο-

266 294 397 338 λύτου,
426 295 488 331 καὶ
507 296 632 338 πείσας
651 292 773 339 αὐτόν,
792 298 992 345 ἐκαθάρθη
1006 309 1014 317 ·
1034 291 1078 331 οὖ
1097 295 1294 338 δυνάμενος

269 351 306 386 δὲ
327 350 567 397 ἀπολυθῆναι
585 354 646 398 τῆς
664 353 787 396 νόσου,
798 353 1000 401 ἐπηρώτησε
1016 354 1079 388 τὸν
1093 349 1294 389 Ἀπόλλωνα

269 406 350 455 περὶ
365 410 425 453 τῆς
443 409 654 458 θεραπείας.
688 409 830 446 Τούτου
850 409 886 445 δὲ
900 409 1110 458 χρήσαντος,
1131 406 1187 445 ὅτι
1205 410 1295 458 ῥᾷον

269 460 382 506 οὕτως
402 462 678 511 ἀπολυθήσεται
696 467 757 509 τῆς
775 468 896 508 νόσου,
918 464 948 501 εἶ
963 465 1119 515 πραθεὶς
1140 465 1292 508 δικαίως,

268 522 333 566 τήν
351 522 484 556 ἑαυτοῦ
504 523 609 569 τιμήν
629 520 785 568 άποδοίη
794 518 1016 569 τοῖςἸφίτου
1026 522 1152 559 παισίν
1164 520 1295 569 ’ἄναγ-

267 578 459 624 καζόμενος
478 570 544 614 οὖν
562 579 768 615 πείθεσθαι
788 579 858 615 ὑπὸ
877 581 937 625 τῆς
955 581 1066 616 νόσου
1082 579 1128 627 τῷ
1135 578 1292 627 χρησμῷ,

266 634 354 680 μετά
374 648 478 671 τινων
493 635 608 681 φίλων
626 634 791 671 ἔπλευσεν
809 634 856 676 εἰς
881 637 946 681 τήν
961 631 1090 671 Ἀσίαν.
1143 632 1236 671 Ἐκεῖ
1255 631 1292 670 δ’

270 689 466 738 ὑπομείνας
483 691 672 734 ἑκουσίως,
710 690 780 727 ὖπό
800 705 894 732 τινος
913 692 983 727 τῶν
1000 693 1112 738 φίλων
1132 693 1290 741 ἐπράθη,

265 745 327 782 καὶ
347 746 475 790 δοῦλος
492 750 629 796 ἐγένετο
651 745 836 795 Ὀμφάλης
862 749 924 792 τῆς
938 745 1149 796 Ἰαρδάνου,
1188 749 1294 796 βασι-

264 804 436 850 λευούσης
454 805 522 841 τῶν
540 806 618 840 τότε
636 806 833 847 Μαιόνων,
861 806 925 840 νῦν
954 804 991 839 δὲ
1007 804 1139 841 Λυδῶν
1160 802 1293 851 ὄνομα·

265 861 429 907 ζομένων.
448 860 527 897 Καὶ
545 862 609 906 τὴν
627 861 692 908 μὲν
710 862 815 908 τιμήν
835 860 854 896 ὁ
874 859 1097 906 ἀποδόμενος
1115 858 1289 910 τὸν”Ηρα-

264 918 346 954 κλέα
363 919 436 960 τοῖς
450 913 590 964 Ἰφίτου
608 917 735 954 παισὶν
754 916 915 953 ἀπέδωκε
935 918 1026 953 κατά
1042 918 1290 966 τὸνχρησμόν·

267 973 285 1008 9‘
305 970 341 1024 δ’
358 970 534 1023 Ἡρακλῆς
555 973 754 1022 ὗγιασθείς,
776 973 839 1009 καὶ
855 972 1034 1010 δουλεύων
1053 974 1094 1021 τῇ
1112 971 1288 1022 Ὀμφάλῃ,

266 1029 350 1070 τούς
376 1031 467 1065 κατά
485 1031 550 1074 τήν
572 1030 691 1078 χώραν
718 1030 955 1078 λῃστεύοντας
979 1031 1138 1066 ἐκόλασε,
1195 1030 1291 1072 Τοὺς

267 1085 331 1121 μὲν
347 1087 417 1135 γάρ
436 1083 722 1133 ὀνομαζομένους
741 1088 950 1135 Κέρκωπας,
977 1085 1213 1135 λῃστεύοντας
1232 1085 1292 1122 καὶ

268 1144 383 1178 πολλοὶ
411 1143 503 1178 κακά
531 1142 845 1192 διεργαζομένους,
881 1139 945 1185 οὓς
978 1143 1042 1189 μὲν
1079 1141 1287 1185 ἀπέκτεινεν,

268 1195 330 1240 οὓς
347 1198 382 1233 δὲ
402 1200 596 1248 ζωγρήσας,
629 1199 835 1247 δεδεμένους
853 1198 1035 1248 παρέδωκε
1053 1200 1096 1248 τῇ
1113 1200 1288 1247 Ὀμφάλῃ.

268 1256 386 1291 Συλέα
408 1254 445 1290 δὲ
464 1256 548 1297 τούς
565 1248 762 1304 παριόντας
788 1257 907 1298 ξένους
923 1257 1206 1303 συναρπάζοντα,
1229 1255 1289 1291 καὶ

266 1311 350 1352 τοὺς
369 1309 579 1357 ἀμπελῶνας
600 1313 774 1348 σκάπτειν
792 1310 1054 1361 ἀναγκάζοντα,
1075 1312 1122 1359 τῷ
1131 1313 1291 1360 σκαφείῳ

266 1368 427 1409 πατάξας
446 1365 659 1405 ἀπέκτεινεν.
706 1367 852 1405 Ἰτώνων
873 1368 909 1404 δὲ
927 1369 1188 1414 λεηλατούντων
1207 1370 1292 1404 πολ-

268 1425 334 1468 λὴν
352 1427 413 1469 τῆς
433 1423 503 1461 ὑπὸ
525 1422 691 1473 Ὀμφάλῃ
703 1425 831 1474 χώρας,
862 1426 926 1470 τήν
944 1439 981 1461 τε
998 1425 1095 1461 λείαν
1113 1423 1289 1471 οἷφείλετο,

268 1479 331 1516 καὶ
347 1474 410 1525 τήν
430 1483 547 1524 πόλιν,
567 1484 602 1523 ἐξ
619 1472 657 1524 ἧς
675 1483 865 1518 ἐποιοῦντο
884 1483 948 1527 τήν
966 1481 1091 1531 ὁρμήν,
1112 1482 1292 1529 ἐκπορθή-

268 1550 343 1579 σας,
364 1537 694 1586 ἐξηνδραποδίσατο
722 1537 782 1574 καὶ
805 1540 1039 1585 κατέσκαψεν.
1078 1536 1127 1574 ‘H
1150 1537 1187 1573 δὲ
1212 1533 1290 1584 Ὀμ-

266 1594 379 1638 φάλη,
420 1591 663 1641 ἀποδεχομένη
691 1595 756 1639 τήν
783 1592 950 1644 ἀνδρείαν
976 1596 1042 1630 τοῦ
1066 1591 1290 1642 Ἡρακλέους,

267 1649 328 1685 καὶ
348 1652 541 1697 πυθομένη
562 1651 614 1692 τίς
631 1653 706 1687 ἐστι
725 1650 786 1687 καὶ
804 1652 919 1695 τίνων,
939 1651 1126 1697 ἐθαύμασε
1137 1650 1200 1694 τήν
1211 1649 1291 1699 οἶρε-

667 1705 679 1718 δ

268 1706 351 1749 τήν·
383 1706 577 1758 ἐλεύθερον
597 1704 636 1743 δ’
655 1710 807 1754 αφεῖσα,
837 1707 898 1743 καὶ
919 1707 1162 1747 συνοικήσασα
1183 1703 1289 1754 αὗτῷ,
