1353 1989
263 113 337 151 294
597 107 806 140 monom
840 108 997 141 SICVL1

261 181 454 218 μιστοκλέα
475 178 713 220 διαταξάντων
734 178 797 219 τοὶς
823 177 1009 226 δυνάμεις,
1047 180 1089 214 τὸ
1109 193 1173 227 μεν
1204 178 1290 216 εὗώ-

262 249 376 281 νιμον
405 237 509 283 μέρος
537 236 677 279 ἐπεῖχον
699 230 887 279 Αθηναῖοι
914 234 975 271 καὶ
992 233 1287 283 Λακεδαιμόνιοι,

260 293 350 341 πρὸς
369 293 409 328 τὸ
430 292 498 327 τῶν
521 292 700 327 Φοινίκων
729 291 901 327 ναυτικὸν
919 289 1290 339 άντιταχθησόμενοι·

266 348 443 396 (μεγάλην
461 348 533 396 γάρ
552 346 588 382 οἳ
612 347 773 390 Φοίνικες
793 346 970 397 ὑπεροχὴν
989 352 1094 394 εἰχον,
1116 347 1177 384 διά
1196 362 1232 384 τε
1250 351 1289 385 τὸ

261 407 406 450 πλῆθος
425 403 485 440 καὶ
507 403 566 440 διά
586 404 649 448 τὴν
677 406 715 439 ἐκ
742 405 927 453 προγόνων
953 407 990 440 ἐν
1016 406 1089 447 τοῖς
1112 407 1293 447 ναυτικοῖς

261 461 378 509 ἔργοις
407 460 612 528 ἐμπειρίαν·
626 461 641 510 )
667 458 862 508 Αἰγινῆται
890 460 926 496 δὲ
959 460 1020 497 καὶ
1045 463 1229 510 Μεγαρεῖς
1253 464 1293 499 τὸ

263 517 377 559 δεξιὸν
397 518 500 565 κέρας
518 514 765 566 ἀνεπλήρουν·
801 509 917 564 (οὗτοι
939 518 1009 567 γάρ
1033 516 1185 554 ἐδόκουν
1202 523 1294 555 εἶναι

263 573 524 610 ναυτικώτατοι
558 574 648 621 μετὰ
674 574 756 615 τούς
778 570 1011 620 Ἀθηναίους,
1052 573 1114 610 καὶ
1139 575 1294 621 μάλιστα

263 631 637 678 φιλοτιμηθήσεσθαι,
658 629 718 666 διά
737 631 776 666 τό
797 631 931 678 μόνους
949 632 1016 666 τῶν
1027 627 1202 675 Ἑλλήνων
1219 645 1293 679 μη-

265 685 420 753 δεμίαν’
410 686 498 731 ἔχειν
519 686 744 734 καταφυγήν,
756 687 790 721 εί
802 700 834 721 τι
851 687 1014 734 συμβαίη
1026 688 1190 735 πταῖσμα
1200 688 1292 723 κατά

265 744 330 787 τὴν
349 744 569 790 ναυμαχίαν·
584 740 598 794 )
626 743 690 786 τὴν
710 742 748 777 δὲ
775 745 905 808 μέσην
905 744 1002 784 τάξιν
1028 745 1141 787 ἐπεῖχε
1159 744 1199 779 τὸ
1219 745 1292 779 λοι-

265 801 335 836 πὸν
350 800 419 835 τῶν
435 796 612 844 Ἑλλήνων
639 800 792 844 πλῆθος.
852 789 963 834 Ουτοι
986 813 1050 847 μεν
1078 812 1142 834 ουν
1161 800 1292 835 τοῦτον

269 858 327 893 τὸν
346 856 481 905 τρόπον
499 856 759 899 συνταχθέντες
775 856 999 898 ἐξέπλευσαν,
1019 853 1080 890 καὶ
1097 856 1160 892 τὸν
1178 856 1293 905 πόρον

264 913 393 960 μεταξὺ
420 914 629 960 Σαλαμῖνος
655 912 715 947 καὶ
733 908 947 960 Ἡρακλείου
970 912 1145 955 κατεῖχον.
1185 907 1228 948 ‘O
1255 911 1291 947 δὲ

264 968 430 1011 βασιλεὺς
455 968 503 1017 τῷ
528 969 593 1015 μὲν
612 969 777 1016 ναυάρχῳ
802 970 1008 1016 προςέταξεν
1034 969 1195 1004 ἐπιπλεῖν
1218 970 1293 1010 τοῖς

267 1026 455 1072 πολεμίοις,
477 1022 586 1067 αὐτὸς
605 1020 643 1060 δ’
663 1022 710 1064 εἷς
728 1026 790 1060 τὸν
819 1024 982 1060 ἐναντίον
999 1025 1113 1060 τόπον
1138 1026 1198 1070 τῆς
1217 1030 1292 1060 Σα-

267 1084 416 1129 λαμῖνος
434 1083 633 1130 παρῆλθεν,
653 1083 687 1121 ἐξ
706 1079 749 1116 οὗ
769 1083 919 1129 θεωρεῖν
936 1094 980 1126 ην
1000 1081 1061 1126 τὴν
1088 1081 1291 1127 ναυμαχίαν

263 1135 572 1186 γινομένην.οἳ
599 1137 636 1172 δὲ
653 1139 794 1186 Πέρσαι
820 1138 861 1172 τὸ
879 1138 944 1184 μὲν
969 1138 1113 1185 πρῶτον
1133 1138 1292 1179 πλέοντες

265 1194 453 1243 διετήρουν
481 1194 545 1238 τὴν
573 1194 688 1234 τάξιν,
726 1193 860 1238 ἔχοντες
893 1194 1027 1238 πολλὴν
1053 1190 1290 1243 εὗρυχωρίαν·

266 1250 309 1292 ὧς
329 1247 367 1285 6³
390 1248 436 1291 εἷς
455 1251 492 1284 τὸ
513 1250 636 1285 στενὸν
665 1240 800 1293 ἦλθον,
838 1248 1084 1298 ἠναγκάζοντο
1110 1251 1178 1285 τῶν
1204 1250 1289 1286 νεῶν

265 1308 363 1348 τινάς
384 1304 456 1342 άπὸ
476 1308 536 1350 τῆς
555 1306 680 1347 τάξεως
704 1303 897 1354 ἇποσπᾷν,
933 1305 995 1342 καὶ
1011 1306 1127 1342 πολὺν
1141 1307 1289 1342 ἐποίουν

265 1363 444 1412 θόρυβον.
485 1359 528 1398 Ὅ
547 1361 583 1398 δὲ
603 1360 789 1412 ναύαρχος,
800 1362 1068 1411 προηγούμενος
1085 1364 1145 1407 τῆς
1165 1363 1287 1404 τάξεως

265 1420 326 1456 καὶ
353 1420 491 1468 πρῶτος
515 1419 681 1466 συνάψας
705 1420 841 1484 μάχην,
882 1418 1082 1467 διεφθάρη,
1122 1419 1291 1468 λαμπρῶς

268 1474 551 1544 αγωνισάμενος·
571 1478 631 1521 τῆς
651 1475 688 1511 δὲ
706 1476 787 1516 νεὼς
804 1476 1208 1523 βυθισθείσης,ταραχή
1227 1488 1290 1510 κα-

265 1534 362 1577 τέσχε
377 1532 417 1567 τὸ
437 1534 607 1568 ναυτικὸν
626 1533 693 1568 τῶν
710 1532 917 1580 βαρβάρων.
970 1531 1110 1567 Πολλοὶ
1134 1532 1199 1578 μὲν
1213 1531 1285 1579 γάρ

263 1589 357 1632 ἦσαν
377 1587 412 1624 οἱ
431 1589 714 1637 προςτάττοντες,
729 1585 772 1623 οὗ
793 1585 907 1624 ταύτά
927 1583 963 1623 δ’
984 1586 1129 1629 ἕκαστος
1146 1587 1285 1634 παρήγ·

263 1647 376 1693 γελλε·
415 1644 471 1681 διὸ
491 1644 552 1680 καὶ
571 1646 636 1681 τοῦ
655 1647 753 1680 πλεῖν
773 1642 819 1686 εἷς
843 1640 1098 1693 τοῦμπροσθεν
1125 1643 1284 1687 ἐπέσχον,

264 1699 544 1746 ἀνακωχεύοντες
564 1698 601 1736 δ’
623 1699 822 1748 ἀνεχώρουν
842 1698 887 1742 εἷς
908 1700 970 1744 τὴν
989 1696 1217 1747 εὖρυχωρίαν.
1240 1697 1286 1734 Οἳ

266 1757 300 1792 δὲ
322 1753 512 1802 Ἀθηναῖοι
540 1759 760 1806 θεωροῦντες
779 1758 842 1801 τήν
870 1756 1027 1804 ταραχήν
1057 1756 1123 1789 τῶν
1141 1756 1284 1804 βαρβά-
