1314 1970
166 123 399 156 Blssmo'rn.
416 123 637 156 n1ST.L1ss.
655 123 717 155 ιιι.
737 121 793 156 CA
803 125 838 156 P.
855 129 913 164 35·
990 129 1064 164 319

53 193 206 240 φθάσας
223 194 286 239 τήν
301 191 371 229 ὑπὸ
389 193 452 236 τὴν
473 194 610 229 κοιλίαν
630 191 808 229 ὑπόδυσιν
820 223 829 237 ,
867 193 912 242 τῇ
930 195 1065 242 προβο-

54 249 149 285 σκίδι
164 249 479 297 προκαταλάβηται
513 250 575 284 τὸν
608 250 807 297 ῥινόκερων,
845 251 1060 298 περιγίνεται

56 305 193 353 ῥᾳδίως,
233 305 374 340 τύπτων
405 307 478 345 τοῖς
506 302 652 346 ὀδοῦσι,
683 305 751 340 καὶ
787 307 829 353 τῇ
861 307 926 353 βίᾳ
959 307 1063 341 πλέον

55 359 194 406 ἰσχύων.
247 359 294 396 Αἱ
321 360 358 395 δὲ
382 361 528 408 σφίγγες
552 361 711 404 γίνονται
739 362 802 407 μὲν
830 363 911 408 περὶ
938 375 972 396 τε
1001 363 1063 407 τήν

61 416 351 463 Τρωγλοδυτικὴν
362 416 422 451 καὶ
441 418 502 462 τὴν
522 415 741 460 Αἰθιοπίαν,
762 420 838 457 ταῖς
854 416 889 452 δὲ
908 420 1063 464 μορφαῖς

56 472 273 521 ὑπάρχουσιν
291 468 355 507 οὐκ
376 470 542 518 ἆνόμοιοι
561 475 637 514 ταῖς
652 475 912 521 γραφομέναις,
952 474 1064 519 μόνον

55 528 92 564 δὲ
111 531 188 569 ταῖς
206 527 378 572 δασύτησι
397 528 654 563 διαλλάττουσι.
701 530 773 570 Τάς
792 529 828 564 δὲ
848 530 962 574 ψυχάς
983 526 1063 575 ἧμέι

55 597 136 630 ρους
152 583 298 629 ἔχουσαι
332 583 394 618 καὶ
428 584 665 631 πανούργους,
706 584 763 620 ἐπὶ
782 586 904 620 πλεῖον
921 584 981 620 καὶ
1015 585 1063 620 δι-

55 639 250 675 δασκαλίαν
268 639 466 686 μεθοδικὴν
483 639 714 684 ἐπιδέχονται.
777 640 820 675 Οἳ
846 637 874 675 δ’
896 638 1064 687 ὀνομαζό-

55 709 151 734 μενοι
169 697 404 740 κυνοκέφαλοι
422 697 495 736 τοῖς
511 697 575 743 μὲν
590 695 748 741 σώμασιν
767 695 976 746 ἀνθρώποις
987 696 1063 737 δυς-

56 750 160 788 ειδέσι
179 754 412 799 παρεμφερεῖς
430 749 512 793 εἶσί,
535 754 611 792 ταῖς
622 751 657 787 δὲ
676 755 811 797 φωναῖς
827 753 989 799 μυγμοὺς
999 751 1060 787 οἷν-

53 807 261 855 θρωπίνους
270 807 463 854 προΐενται.
475 803 684 855 Ἀγριώτατα
695 807 731 842 δὲ
744 810 856 844 ταῦτα
866 810 910 843 τά
921 810 988 851 ζῶα
1001 808 1060 843 καὶ

52 862 485 904 παντελῶςάτιθάσσευτα
498 864 721 905 καθεστῶτα,
743 866 805 908 τήν
823 863 896 900 άπὸ
907 865 974 900 τῶν
993 862 1059 910 ὄφ-

53 918 146 967 ρύων
164 920 340 966 πρόςοψιν
350 916 614 967 αὐστηροτέραν
633 919 711 964 ἔχει.
736 923 823 963 Ταῖς
843 920 879 956 δὲ
897 921 1059 965 θηλείαις

53 972 238 1010 ἰδιώτατον
257 975 456 1020 συμβαίνει,
495 976 535 1010 τὸ
562 975 625 1019 τὴν
642 976 781 1025 μήτραν
799 978 897 1018 ἐκτὸς
914 978 979 1012 τοῦ
998 977 1063 1012 σώ-

52 1043 164 1075 ματος
182 1032 302 1077 φέρειν
330 1027 471 1066 ἅπαντα
491 1032 552 1066 τὸν
567 1032 711 1079 χρόνον.
759 1030 801 1069 ‘O
822 1032 858 1067 δὲ
877 1034 1062 1080 λεγόμενος

52 1087 163 1130 κῆπος
195 1084 396 1132 ὠνόμασται
430 1086 492 1132 μὲν
529 1085 600 1122 άπὸ
620 1089 680 1131 τῆς
714 1088 797 1157 περὶ1
820 1085 903 1124 ὅλον
919 1090 980 1124 τὸν
1000 1087 1061 1135 ὅγ-

51 1155 115 1176 κον
131 1141 262 1187 ὡραίας
279 1142 338 1177 καὶ
358 1155 552 1190 προςηνους
579 1139 723 1186 ἡλικίας,
761 1144 801 1179 τὸ
820 1143 856 1179 δὲ
874 1145 1058 1192 πρόςωπον

52 1197 136 1243 ἔχων
156 1194 289 1244 ὅμοιαν
306 1199 430 1240 λέοντι,
455 1198 496 1232 τὸ
516 1199 642 1234 λοιπὸν
661 1200 761 1246 σῶμα
778 1202 876 1264 φέρει
893 1201 1059 1248 πάνθηρι

51 1254 310 1302 παραπλήσιον,
349 1254 440 1297 πλὴν
476 1266 540 1288 του
558 1255 747 1301 μεγέθους,
782 1251 802 1289 ὃ
838 1269 1059 1323 παρισουται

51 1309 211 1354 δορκάδι.
256 1310 407 1345 Πάντων
427 1309 462 1344 δὲ
481 1310 550 1343 τῶν
567 1308 754 1357 εἰρημένων
773 1311 865 1353 ζώων
884 1325 903 1346 ο
922 1326 1059 1358 ‹5oepr—

49 1367 166 1413 φάγος
184 1366 312 1412 ταῦρος
331 1363 547 1413 ἀγριώτατός
565 1367 648 1408 ἐστι,
671 1366 731 1401 καὶ
750 1368 924 1407 παντελῶς
936 1367 1060 1408 δυςκα-

50 1422 259 1469 ταμάχητος.
285 1420 342 1469 Τῷ
358 1421 421 1467 μὲν
437 1423 506 1468 γάρ
527 1420 621 1468 ὄγκῳ
638 1423 744 1457 τοῦτο
763 1423 880 1468 μεῖζόν
898 1425 972 1458 ἐστι
991 1424 1059 1459 τῶν

49 1475 223 1525 ἡμετέρων
239 1476 395 1525 ταύρων,
434 1475 574 1521 ὀξύτητι
594 1477 630 1512 δὲ
649 1477 770 1513 ποδῶν
789 1475 832 1513 οὗ
852 1480 1059 1526 λειπόμενον

50 1533 176 1576 ἵππου,
204 1533 252 1579 τῷ
269 1535 418 1578 στόματι
438 1532 474 1567 δὲ
493 1533 673 1577 διεστηκὸς
689 1530 770 1582 ἄχρι
789 1536 856 1569 τῶν
876 1532 1059 1581 ὀμμάτων.

57 1591 105 1624 Τὸ
124 1589 160 1625 δὲ
177 1590 300 1638 χρῶμα
319 1589 456 1637 πυῤῥὸν
484 1588 551 1634 ἔχει
576 1586 662 1624 καθ’
686 1588 902 1638 ὑπερβολήν·
939 1591 998 1627 καὶ
1018 1592 1062 1626 τά

49 1645 114 1692 μὲν
149 1645 292 1692 ὄμματα
325 1645 545 1693 γλαυκότερα
579 1646 728 1688 λέοντος,
764 1645 824 1680 καὶ
849 1648 910 1688 τοὶς
934 1646 1061 1688 νύκτας

53 1698 324 1749 οἴστράπτοντα,
361 1702 405 1737 τά
440 1700 477 1736 δὲ
513 1702 642 1748 κέρατα
676 1700 815 1747 φύσεως
850 1700 1059 1750 ἰδιοτρόπου

51 1756 300 1793 κοινωνοῦντα.
337 1757 409 1792 Τὸν
425 1757 491 1804 μὲν
503 1758 573 1806 γάρ
591 1753 697 1793 ἄλλον
709 1759 841 1808 χρόνον
862 1755 956 1795 αὖτά
973 1761 1062 1795 κινεῖ
