1353 1989
276 140 350 175 310
578 133 785 166 Dlooom
832 133 988 167 SlCVLI

276 202 606 258 ἀποθησαυρισμὸν
625 199 787 249 ἄσηπτον
806 202 867 241 καὶ
889 204 1135 254 πολυχρόνιον.
1164 202 1212 240 ‘H
1226 204 1270 251 μὲ

276 259 341 296 οὖν
363 260 540 329 διατροφὴ
560 255 698 302 τούτοις
724 263 943 310 παραχρῆμα
970 260 1030 297 καὶ
1055 261 1116 296 τὸν
1141 257 1288 310 ὕστερον

274 317 403 365 χρόνον
430 314 502 352 άπὸ
530 313 666 352 τούτων
694 318 761 352 τῶν
784 316 876 360 ζώων
904 315 1064 362 ὑπάρχει.
1105 314 1194 353 Ουτε
1219 318 1289 365 γάρ

275 373 606 420 κτηνοτροφοῦσιν,
644 369 726 409 οὔτε
760 375 943 419 θαλάττης
976 372 1080 422 ἐγγὺς
1115 371 1285 415 οἶκοῦσιν,

277 426 359 466 οὔτε
384 425 492 474 ἄλλης
518 429 727 478 ἐπικουρίας
754 426 918 477 οὗῦεμιᾶς
943 431 1168 477 τυγχάνουσι.
1208 432 1290 471 Τοῖς

277 486 314 523 δὲ
333 485 492 532 σώμασιν
516 484 614 527 ὄντες
640 488 772 531 κοῦφοι
798 487 858 522 καὶ
884 489 957 529 τοῖς
985 485 1092 523 ποσὶν
1112 483 1286 528 ὀξύτατοι,

274 540 472 592 βραχύβιοι
492 543 667 584 παντελῶς
686 540 795 584 εἰσίν,
831 541 876 584 ὥς
892 541 938 578 ἄν
958 544 1025 579 τῶν
1044 545 1290 590 πολυχρονιω-

275 600 391 635 τάτων
410 594 494 647 παρ’
519 595 643 639 αὐτοῖς
670 597 735 643 οὐχ
763 597 1055 647 ὑπερβαλλόντων
1083 598 1139 643 ἔτη
1166 611 1291 634 τεσσα-

276 656 445 701 ράκοντα.
464 656 527 690 ,Τό
548 655 585 690 ὖὲ
602 656 666 690 τοῦ
685 655 771 701 βίου
789 656 884 697 τέλος
901 652 944 691 οὖ
957 657 1071 701 μόνον
1087 654 1291 702 παράδοξον

275 711 423 754 ἔχουσιν,
445 708 534 746 ἄλλα
553 709 613 746 καὶ
632 711 774 748 πάντων
793 709 1047 760 ἀκληρότατον.
1092 707 1203 747 ‘'Orav
1221 711 1290 758 γάρ

277 769 456 815 πλησιάσῃ
475 768 515 803 τὸ
534 770 655 816 γῆρας,
694 765 892 814 ἐμφύονται
909 769 982 809 τοῖς
999 767 1137 813 σώμασι
1157 781 1291 813 πτερω·

278 839 332 859 τοι
352 826 510 870 φθεῖρες,
548 837 591 860 ου
610 825 722 871 μόνον
742 824 911 872 διάφοροι
930 826 1004 866 τοῖς
1022 823 1160 865 εἴδεσιν,
1200 821 1289 858 ἄλλα

277 880 337 916 καὶ
356 882 432 921 ταῖς
450 878 593 921 ἶῦὲαις’
577 876 695 928 α’γριοι
717 880 778 916 καὶ
804 881 981 922 παντελῶς
999 878 1179 924 ειδεχθεῖς.
1214 877 1289 926 Ἀρ-

276 938 425 983 ξάμενον
445 935 481 971 δὲ
499 937 540 971 τὸ
561 938 672 972 κακὸν
698 935 770 972 άπὸ
791 939 849 981 τῆς
865 938 1029 1006 γαστρὸς
1054 936 1114 972 καὶ
1133 949 1196 971 του
1215 935 1292 971 θώ-

277 1008 394 1040 ρακος,
415 994 614 1038 ἐπινέμεται
631 994 749 1028 πάντα
774 996 837 1028 τὸν
862 992 970 1040 ὄγκον
988 995 1024 1027 ἐν
1045 991 1149 1059 ὀλίγῳ
1163 993 1290 1040 χρόνῳ.

274 1046 315 1085 0
334 1049 370 1084 δὲ
390 1050 547 1094 πάσχων,
586 1051 625 1084 ·t6
642 1050 705 1094 μὲν
725 1051 876 1096 πρῶτον,
907 1048 949 1091 ὥς
969 1049 1038 1084 ὑπὸ
1060 1049 1179 1096 ψώρας
1197 1049 1292 1088 τινὸς

275 1107 529 1153 ἐρεθιζόμενος,
550 1107 697 1152 μετρίως
715 1103 920 1146 ὀδαξᾶσθαι
939 1107 1193 1153 φιλοτιμεῖται,
1232 1117 1291 1150 με·

277 1164 446 1208 μιγμένην
465 1161 603 1206 ἔχοντος
631 1164 694 1197 τοῦ
714 1163 860 1205 πάθους
887 1160 1058 1209 άλγηῦὁσι
1077 1162 1139 1206 τὴν
1154 1162 1289 1209 χαράν·

279 1219 368 1255 μετά
387 1217 422 1253 δὲ
443 1218 566 1259 ταῦτα,
588 1214 642 1252 άεῖ
659 1218 796 1265 μᾶλλον
815 1220 882 1254 τῶν
900 1217 1133 1266 ἐγγενομένων
1151 1217 1290 1266 θηρίων

281 1273 326 1315 εἷς
347 1275 410 1317 τήν
429 1275 638 1319 ἐπιφάνειαν
665 1276 922 1317 ἐκπιπτόντων,
965 1277 1181 1319 συνεκχεῖται
1203 1274 1291 1316 πλῆ-

279 1333 349 1371 θος
368 1329 491 1379 ἰχῶρος
509 1332 650 1372 λεπτοῦ,
668 1332 730 1375 τήν
752 1329 948 1378 δριμύτητα
963 1331 1135 1370 παντελῶς
1154 1328 1291 1373 ἔχοντος

280 1385 566 1434 ἀνυπομόνητον.
604 1388 738 1435 Διόπερ
774 1387 793 1423 ὁ
827 1389 1055 1434 συνεχόμενος
1086 1387 1130 1432 τῷ
1164 1385 1289 1425 πάθει,

280 1444 483 1491 βιαιότερον
503 1440 649 1489 άμύττει
669 1445 744 1484 τοῖς
763 1442 1098 1488 ὅνυξι,στεναγμοὺς
1116 1442 1291 1489 μεγάλους

280 1501 497 1549 προϊέμενος.
533 1501 641 1535 Κατά
661 1499 698 1534 δὲ
719 1504 778 1541 τοὶς
798 1502 862 1535 τῶν
885 1501 1011 1546 χειρῶν
1029 1498 1219 1539 ἐξελκώσεις
1235 1510 1292 1531 το-

281 1559 390 1592 σοῦτο
420 1558 561 1600 πλῆθος
584 1557 739 1591 ἐκπίπτει
774 1558 841 1591 τῶν
867 1557 1039 1603 ἑρπετῶν,
1079 1552 1156 1596 ὦςτε
1182 1551 1290 1598 μηδὲν

281 1608 405 1648 ανύειν
424 1614 506 1653 τούς
525 1610 782 1660 ἀπολέγοντας,
820 1611 864 1653 ὣς
890 1611 934 1647 ἂν
958 1609 1072 1647 ἄλλων
1099 1607 1151 1645 ἐπ’
1171 1606 1289 1649 α’λλοις

280 1670 552 1716 ἐκφαινομένων,
582 1668 775 1715 καθάπερ’
765 1684 800 1704 εκ
819 1683 910 1709 τιιος
929 1667 1086 1716 ἀγγείου,
1114 1665 1292 1708 πολλαχῶς

282 1727 595 1773 κατατετρημένου.
656 1716 765 1760 Οὗτοι
782 1727 846 1772 μὲν
876 1724 941 1760 οὖν
960 1723 1006 1764 εἷς
1025 1719 1195 1765 τοιαύτην
1216 1721 1293 1756 διά·

283 1780 384 1828 λυσιν
406 1782 470 1815 τοῦ
491 1780 655 1827 σώματος
681 1782 965 1825 καταστρέφοῑσι
992 1780 1053 1813 τὸν
1072 1779 1153 1823 βίον
1172 1777 1294 1818 δυςτυ-
