1353 1989
238 129 314 167 142
556 126 762 160 DlODORI
789 126 945 161 SICVLI

240 198 557 246 καταθρύπτοντες
577 198 659 240 τούς
677 194 807 246 άρτους
824 196 872 239 εἶς
889 199 991 245 γάλα,
1029 196 1089 233 καὶ
1105 197 1253 234 ποππύ-

239 255 361 296 ζοντες,
391 254 674 302 παρατιθέασιν,
711 251 734 298 ἢ
761 255 828 289 τῶν
856 252 995 298 ἰχθύων
1018 255 1086 290 τῶν
1119 255 1156 289 ἐκ
1186 254 1255 295 ,τοῦ

240 310 374 344 Νείλου
409 311 683 356 κατατέμνοντες
717 310 906 353 σιτίζουσι·
944 308 1106 352 ὦςαύτως
1133 309 1170 345 δὲ
1195 309 1255 345 καὶ

241 366 310 400 τῶν
335 362 447 400 ἄλλων
474 366 566 408 ζώων
592 367 726 412 ἑκάστῳ
752 367 844 412 γένει
870 364 1098 413 ἁρμόζουσαν
1118 367 1255 413 τροφὴν

236 422 444 469 χορηγοῦσι.
491 428 518 457 Ἰ
522 423 561 463 ἀς
581 420 617 457 δὲ
634 423 846 469 γιγνομένας
862 421 943 470 περὶ
960 423 1074 458 ταίτα
1092 422 1255 469 λειτουρ-

238 477 318 524 γίας
336 473 400 520 οὔχ
420 473 498 513 οἷον
522 477 758 520 ἐκκλίνουσιν,
793 475 817 523 ἢ
843 480 916 519 τοῖς
942 478 1059 523 ὄχλοις
1081 478 1254 526 γενέσθαι

238 535 458 578 καταφανεῖς
476 532 763 578 ἐπαισχύνονται,
791 530 999 570 τούναντίον
1022 531 1058 569 δ’
1079 532 1189 581 ὥςπερ
1207 530 1255 574 εἷς

239 590 301 630 τοὶς
318 590 485 637 μεγίστας
503 591 570 625 τῶν
583 591 678 625 θεῶν
695 590 877 637 γινόμενοι
894 591 995 635 τιμάς
1010 589 1252 637 σεμνύνονται,

238 644 299 680 καὶ
316 645 404 691 μετά
424 647 574 692 σημείων
593 644 695 680 ἰδίων
713 649 954 695 περιέρχονται
973 647 1035 688 τάς
1052 648 1172 687 πόλεις
1193 644 1254 680 καὶ

239 702 302 744 τὴν
325 701 454 749 χώραν.
516 702 721 750 Πόρρωθεν
749 699 785 737 δ’
820 702 915 744 ὄντες
941 701 1112 749 φανεροί,
1149 701 1253 736 τίνων

239 756 331 798 ζώων
348 756 470 800 ἔχουσι
488 759 550 803 τήν
568 759 784 804 ἐπιμέλειαν,
824 757 893 793 ὑπὸ
918 759 986 793 τῶν
1013 757 1254 793 ἀπαντώντων

239 815 520 860 προςκυνοῦνται
556 812 616 849 καὶ
647 815 825 859 τιμῶνται.
877 811 986 850 “Otav
1011 811 1048 849 δ’
1077 811 1254 861 ἀποθάνῃ

239 882 272 904 τι
291 870 358 904 τῶν
377 868 576 918 εἰρημένων,
602 870 741 906 σινδόνι
759 870 1082 917 κατακαλύψαντες,
1101 868 1163 906 καὶ
1180 865 1252 915 μετ’

240 923 394 973 οἰμωγῆς
412 927 456 961 τιὲ
475 926 593 969 στήθη
612 927 924 971 καταπληξάμενοι,
946 926 1117 974 φέρουσιν
1131 922 1179 967 εἷς
1193 927 1256 966 τὰς

239 983 420 1029 ταριχείας.
478 979 624 1017 Ἔπειτα
662 984 963 1030 θεραπευθέντων
989 978 1105 1016 αὐτῶν
1131 981 1255 1029 κεδρίᾳ

240 1037 300 1073 καὶ
320 1040 393 1078 τοῖς
412 1037 620 1084 δυναμένοις
639 1035 790 1074 εὐωδίαν
809 1040 1034 1087 παρέχεσθαι
1049 1037 1113 1074 καὶ
1138 1039 1255 1072 πολυ-

237 1094 386 1141 χρόνιον
405 1094 470 1129 τοῦ
489 1094 649 1139 σώματος
670 1094 821 1142 τήρησιν,
862 1096 1069 1130 θάπτουσιν
1087 1096 1124 1129 ἐν
1144 1091 1256 1141 ἶεραῖς

241 1149 384 1192 θήκαις.
436 1145 497 1190 ιῸς
517 1146 553 1184 δ’
574 1147 618 1184 ἂν
637 1150 771 1185 τούτων
789 1163 822 1185 τι
847 1151 915 1185 τῶν
941 1150 1035 1193 ζώων
1063 1148 1151 1186 ἑκὼν
1177 1148 1254 1185 δια-

240 1205 388 1253 φθείρῃ,
425 1205 578 1252 θανάτῳ
596 1206 798 1254 περιπίπτει
810 1220 818 1228 ·
853 1206 946 1251 πλὴν
963 1207 1025 1242 ἐὰν
1043 1207 1215 1254 αἴλουρον
1231 1204 1255 1249 ἢ

240 1261 303 1305 τὴν
322 1262 396 1308 ἶβιν
416 1259 619 1309 ἅποκτείνῃ.
684 1264 806 1297 Ταῦτα
825 1261 862 1298 δὲ
881 1263 943 1298 ἐάν
960 1275 998 1297 τε
1015 1261 1103 1298 ἑκὼν
1129 1262 1192 1297 ἐάν
1218 1274 1255 1296 τε

240 1314 334 1353 (ἵκων
354 1315 564 1365 ἀποκτείνῃ,
604 1318 743 1360 πάντως
759 1319 913 1365 θανάτῳ
931 1314 1151 1367 περιπίπτει,
1186 1317 1255 1353 τῶν

240 1372 349 1417 ὄχλων
385 1375 645 1422 συντρεχόντων
680 1373 742 1409 καὶ
766 1375 829 1409 τὸν
853 1375 1037 1423 πράξαντα
1065 1372 1253 1408 δεινότατα

241 1427 486 1473 διατιθέντων,
509 1430 569 1465 καὶ
587 1427 683 1465 τοῦτ’
702 1430 812 1465 ἐνίοτε
831 1431 1054 1479 πραττόντων
1072 1424 1159 1464 ἄνευ
1177 1430 1251 1477 κρί-

240 1498 334 1526 σεως.
393 1486 465 1521 Ami
485 1485 521 1520 δὲ
540 1486 603 1521 τὸν
620 1485 678 1522 ἐπὶ
696 1485 836 1526 τούτοις
852 1486 981 1533 φόβον,
1015 1484 1052 1522 οἱ
1068 1485 1253 1531 θεασάμε-

240 1553 297 1575 νοι
316 1542 488 1585 τεθνηκός
506 1555 538 1576 τι
556 1543 623 1576 τῶν
642 1541 735 1584 ζώων
753 1541 904 1586 τούτων,
944 1540 1165 1583 ἀποστάντες
1181 1554 1253 1589 μα-

239 1598 330 1643 κροὶν
347 1597 480 1643 βοῶσιν
492 1624 502 1637 ,
539 1594 751 1645 ὀδυρόμενοί
767 1612 803 1633 τε
822 1598 883 1634 καὶ
899 1598 1162 1647 μαρτυρόμενοι
1189 1610 1253 1631 κα-

242 1654 434 1698 τειλῆφθαι
452 1650 540 1689 αὖτὸ
559 1655 808 1698 τετελευτηκός.
858 1651 960 1690 Οὕτω
979 1651 1017 1690 δ’
1037 1656 1074 1689 ἐν
1091 1654 1168 1693 ταῖς
1185 1653 1253 1687 τῶν

241 1705 444 1756 ἀνθρώπων
471 1712 601 1757 ψυχαῖς
625 1712 801 1755 ἐντέτηκεν
827 1707 847 1754 ἧ
874 1711 962 1759 πρὸς
987 1710 1031 1746 τά
1053 1709 1121 1752 ζῶα
1139 1709 1254 1744 ταῦτα

242 1762 512 1810 δεισιδαιμονία,
532 1765 591 1802 καὶ
608 1769 680 1808 τοῖς
694 1768 851 1803 πάθεσιν
866 1764 1091 1814 ἆμεταθέτως
1108 1763 1254 1807 ἕκαστος
