1353 1989
269 122 340 158 372
578 115 782 149 DIODORI
825 113 983 149 SlCVLI

266 190 333 224 λῶν
353 187 685 234 συναρμοσθέντων,
707 188 743 227 ἐξ
755 183 864 233 ἀρχῆς
883 185 960 222 νέον
976 191 1196 234 γεννηθῆναι
1209 202 1216 210 ·
1237 189 1280 232 εἷς

265 244 418 290 φυσικάς
450 256 546 284 τινας
566 240 680 284 αἰτίας
708 240 889 288 ἀνάγουσι
915 242 997 284 τοὺς
1015 241 1204 286 τοιούτους
1221 247 1278 281 λό-

264 314 360 347 γους.
396 300 481 341 Διὸς
497 300 562 346 μὲν
580 299 649 347 γάρ
676 297 736 335 καὶ
761 299 947 347 Δήμητρος
967 297 1077 337 αὐτὸν
1095 302 1275 349 λέγεσθαι,

267 356 325 392 διά
344 358 383 392 τὸ
403 356 466 400 τήν
493 352 650 402 ἄμπελον
678 354 713 391 ἔκ
735 369 769 390 τε
794 357 858 402 γῆς
883 354 945 391 καὶ
972 354 1115 406 ὄμβρων
1142 359 1280 405 λαμβά·

264 426 400 449 νουσαν
420 413 483 456 τὴν
518 409 681 456 αὔξησιν,
721 414 965 460 καρποφορεῖν
992 414 1053 449 τὸν
1078 416 1115 449 ἐκ
1134 415 1198 450 τοῦ
1217 415 1281 461 βό-

263 483 368 517 τρυος
388 467 682 516 ἀποθλιβόμενον
700 463 817 504 οἶνον·
838 469 878 504 τὸ
897 465 934 503 δ’
952 467 1021 506 ὑπὸ
1039 471 1105 506 τῶν
1123 471 1280 519 γηγενῶν

266 528 343 562 νέον
363 525 450 561 ὄντα
472 525 764 570 διασπασθῆναι,
804 524 936 569 δηλοῦν
962 526 1026 570 τήν
1049 525 1119 562 ὑπὸ
1139 528 1207 562 τῶν
1225 542 1279 575 γε·

265 584 384 631 ωργῶν
404 581 626 630 συγκομιδὴν
645 582 713 617 τῶν
728 582 883 629 καρπῶν,
903 581 963 617 διά
978 583 1018 618 τὸ
1038 584 1120 626 τοὺς
1138 581 1281 632 ἀνθρώ-

263 652 353 681 πους
371 639 434 683 τὴν
452 640 518 686 γῆν
537 639 730 686 Δήμητραν
747 639 918 681 νομίζειν
940 640 1002 682 τήν
1019 638 1055 675 δὲ
1075 640 1282 687 καθέψησιν

262 697 330 731 τῶν
347 697 459 743 μελῶν
475 696 818 742 μεμυθοποιῆσθαι,
858 693 916 729 διά
936 696 974 730 τὸ
995 696 1077 736 τοὺς
1096 697 1280 737 πλείστους

262 755 361 800 ἑψεῖν
379 753 441 788 τὸν
469 755 587 795 οἰνον,
626 747 860 799 εὐωδεστέραν
890 747 1004 787 αὐτου
1033 752 1092 788 καὶ
1110 753 1277 799 βελτίονα

263 810 326 854 τὴν
347 809 458 854 φυσιν
474 808 819 850 κατασκευάζοντας·
839 807 883 841 τά
904 803 940 841 δ’
954 806 1025 843 ὑπὸ
1044 810 1111 843 τῶν
1126 811 1281 857 γηγενῶν

266 867 497 913 λυμανθέντα
516 865 584 900 τῶν
601 865 722 911 μελῶν,
763 862 995 911 ἁρμοσθέντα
1014 865 1121 900 πάλιν
1140 864 1198 902 ἐπὶ
1217 867 1280 910 τήν

265 923 567 971 προγεγενημένην
582 919 692 966 φύσιν
710 918 1056 962 ἀποκαθίστασθαι,
1077 924 1280 970 παρεμφαί-

265 993 335 1014 νειν
353 980 469 1020 πάλιν,
493 975 547 1013 ὅτι
565 975 584 1022 ἦ
611 979 656 1025 γῆ
684 978 747 1021 τὴν
767 978 1012 1024 τρυγηθεῖσαν
1040 973 1202 1024 ἄμπελον
1221 979 1280 1014 καὶ

264 1037 464 1082 τμηθεῖσαν
484 1037 560 1075 ταῖς
578 1030 655 1069 κατ’
676 1032 751 1075 ἔτος
770 1030 884 1080 ὥραις,
907 1032 953 1076 εἷς
971 1034 1034 1078 τὴν
1053 1034 1282 1084 προϋπάρξα-

265 1106 331 1128 σαν
350 1094 386 1127 ἐν
404 1091 450 1138 τῷ
472 1091 720 1138 καρποφορεῖν
744 1087 861 1136 ἆκμήν
883 1087 1168 1136 ἀποκαθίστησι.
1204 1097 1282 1128 Κα-

264 1149 383 1185 θόλου
402 1148 473 1195 γάρ
495 1146 563 1182 ὑπὸ
584 1148 651 1182 τῶν
666 1144 827 1195 οῗρχαίων
840 1148 996 1191 ποιητῶν
1016 1146 1076 1183 καὶ
1093 1149 1282 1197 μυθογρά-

264 1219 339 1251 φων
368 1205 430 1248 τήν
457 1204 651 1251 Δήμητραν
676 1204 743 1251 γῆν
771 1204 908 1251 μητέρα
935 1204 1280 1253 προςαγορεὺεσθαι.

266 1260 452 1308 Σύμφωνα
473 1260 509 1295 δὲ
528 1258 667 1300 τούτοις
686 1256 776 1295 εἶναι
794 1260 838 1295 τά
856 1273 891 1294 τε
911 1258 1113 1308 δηλούμενα
1133 1260 1195 1297 διά
1214 1263 1279 1297 τῶν

260 1315 439 1386 Ὀρφικῶν
463 1316 686 1362 ποιημάτων,
724 1315 785 1351 καὶ
811 1316 854 1352 τά
882 1318 1163 1364 παρειςαγόμενα
1189 1321 1280 1354 κατά

262 1375 324 1416 τοὶς
343 1374 488 1418 τελετάς,
507 1373 587 1421 περὶ
604 1371 650 1408 ὧν
670 1368 713 1408 οὗ
727 1372 832 1419 θέμις
851 1373 924 1412 τοῖς
940 1370 1111 1419 αμυήτοις
1129 1373 1278 1424 ἱστορεῖν

262 1430 305 1465 τά
325 1432 415 1466 κατά
433 1431 547 1478 μέρος.
582 1427 734 1476 Ὁμοίως
755 1428 792 1464 δὲ
819 1428 880 1463 καὶ
900 1430 962 1473 τήν
989 1443 1026 1465 εκ
1046 1432 1200 1477 Σεμέλης
1217 1432 1279 1479 γέ-

262 1500 357 1522 νεσιν
377 1485 424 1528 εἷς
442 1487 597 1533 φυσικάς
616 1484 723 1533 ἀρχάς
743 1483 952 1533 ἀνάγουσιν,
991 1483 1278 1534 ἅποφαινόμενοι

264 1543 412 1588 Θυώνην
441 1542 509 1580 ὑπὸ
529 1544 597 1578 τῶν
616 1541 771 1590 ἀρχαίων
798 1542 858 1586 τήν
877 1543 944 1589 γῆν
963 1538 1196 1590 ὠνομάσθαι·
1218 1543 1279 1578 καὶ·

263 1602 455 1637 τεθεῖσθαι
474 1600 538 1644 τὴν
558 1598 815 1648 προςηγορίαν,
845 1600 1000 1646 Σεμέλην
1017 1601 1098 1646 μέν,
1120 1597 1192 1635 άπὸ
1214 1602 1277 1635 τοῦ

262 1657 392 1704 σεμνὴν
410 1653 501 1693 εἶναι
519 1657 578 1701 τῆς
597 1656 688 1693 θεοῦ
708 1654 838 1700 ταύτης
856 1656 918 1700 τὴν
933 1657 1130 1702 ἐπιμέλειαν
1150 1654 1210 1691 καὶ
1229 1671 1281 1692 τι-

263 1712 343 1757 μήν,
369 1713 514 1758 Θυώνην
534 1712 586 1753 δέ,
627 1710 698 1748 άπὸ
719 1713 786 1747 τῶν
813 1712 1004 1758 θυομένων
1022 1707 1117 1759 αὐτῇ
1136 1714 1279 1749 θὐσιῶν

266 1768 322 1803 καὶ
342 1770 498 1814 θυηλῶν.
537 1768 599 1810 Δὶς
618 1765 653 1804 δ’
675 1765 788 1804 adrev
809 1767 870 1811 τήν
889 1769 1025 1814 γένεσιν
1045 1770 1081 1803 έκ
1101 1770 1187 1810 Διὸς
1206 1784 1276 1805 πα·
