1314 1970
207 122 439 157 BIBLIOTH.
455 124 577 157 HIST.
593 123 678 157 Llss.
695 124 741 156 Π.
758 122 858 156 CAP.
875 128 911 162 8.
999 127 1070 162 185

58 194 119 232 καὶ
152 196 421 244 προςτιθὲασιν,
460 191 516 230 ὅτι
551 196 619 230 τῶν
645 195 732 229 ἴσων
759 190 894 242 ἡμερῶν
929 190 975 235 εἶς
1009 194 1071 230 τὸν

58 253 222 289 ἐνιαυτὸν
241 248 366 295 οὐσῶν,
387 250 626 297 ἐφιλοτιμήθη
646 251 707 286 τὸν
725 246 805 286 ἶσον
824 247 984 298 ἀριθμὸν
1002 252 1071 286 τῶν

60 308 215 344 σταδίων
251 306 544 352 ὑποστήσασθαι.
594 303 727 347 Ὀπτιὶς
763 306 799 342 δὲ
824 306 1002 348 πλίνθους
1027 304 1073 349 εἷς

58 362 248 410 ἄσφαλτον
265 362 504 410 ἐνδησαμένη,
538 364 650 407 τεῖχος
668 362 912 406 κατεσκεύασε,
951 364 990 398 τὸ
1010 364 1073 409 μὲν

59 417 162 467 ὕψος,
201 419 244 461 ὧς
262 421 325 465 μὲν
345 419 505 464 Κτησίας
521 421 628 465 φησί,
667 419 885 464 πεντήκοντα
906 416 1071 467 ὀργυιῶν,

59 475 104 518 ὡς
122 472 158 511 δ’
177 475 264 512 ἔνιοι
289 477 357 511 τῶν
382 476 556 523 νεωτέρων
584 474 764 524 ἔγραψαν,
801 476 920 520 πηχῶν
947 475 1072 519 πεντή-

60 544 186 568 κοντα·
207 533 246 567 τὸ
268 531 305 567 δὲ
324 533 462 574 πλάτος,
487 533 609 567 πλεῖον
627 529 649 572 ἢ
667 531 770 568 δυσὶν
786 528 943 579 ἅρμασιν
963 529 1072 566 ἱππά-

58 600 182 636 σιμον·
209 586 368 636 πύργους
387 587 422 623 δὲ
442 589 505 624 τὸν
522 588 586 635 μὲν
605 586 768 635 ἀριθμὸν
788 587 995 628 διακοσίους
1013 586 1073 622 καὶ

57 644 289 689 πεντήκοντα,
318 644 358 679 τὸ
408 640 418 654 ³
438 641 532 691 ὕψος
550 643 610 679 καὶ
627 645 759 686 πλάτος
776 646 811 684 ἐξ
825 641 1007 691 ἀναλόγου
1027 642 1074 690 τῷ

56 700 161 749 βάρει
185 702 253 736 τῶν
279 701 370 736 κατὰ
394 702 433 737 τὸ
457 703 563 745 τεῖχος
582 699 704 748 ἔργων.
764 696 816 735 Οὐ
833 700 902 747 χρὴ
923 699 960 734 δὲ
977 702 1073 735 θαυ-

56 758 186 804 μάζειν,
208 755 238 792 εἶ
256 756 466 800 τηλικούτου
485 759 524 792 τὸ
542 757 696 804 μέγεθος
713 757 778 792 τοῦ
797 756 991 803 περιβόλου
1010 769 1071 791 κα-

56 814 236 855 θεστῶτος
254 810 398 861 ὀλίγους
416 812 576 860 πύργους
593 812 858 849 κατεσκεύασεν.
908 808 990 847 Ἐπὶ
1008 825 1075 847 πο·

58 869 122 904 λύν
140 870 210 918 γάρ
229 869 341 904 τόπον
360 871 421 913 τῆς
436 871 568 910 πόλεως
586 867 676 904 ἕλεσι
696 869 950 917 περιεχομένης,
979 869 1072 903 κατὰ

57 927 188 961 τοῦτον
206 926 268 960 τὸν
287 926 397 960 τόπον
418 921 481 959 οὗκ
501 924 616 965 ἔδοξεν
635 922 726 973 αὐτῇ
745 924 905 973 πύργους
932 922 1073 960 οἰκοδο-

58 984 148 1027 μεῖν,
171 982 230 1025 τῆς
249 980 385 1027 φύσεως
402 982 469 1016 τῶν
489 983 572 1016 ἑλῶν
589 979 717 1026 ἱκανήν
735 982 975 1029 παρεχομένης
993 978 1073 1025 ὀχυ-

59 1039 211 1083 ρότητα·
249 1035 319 1072 ἆνοὲ
343 1038 450 1083 μέσον
477 1036 514 1072 δὲ
539 1038 605 1072 τῶν
633 1035 751 1083 οἰκιῶν
777 1035 839 1073 καὶ
866 1038 934 1073 τῶν
953 1037 1072 1082 τειχῶν

59 1092 141 1135 ὁδὸς
159 1093 274 1141 πάντῃ
293 1094 530 1129 κατελέλειπτο
558 1093 762 1141 δίπλεθρος.

141 1152 175 1186 8.
196 1151 297 1195 Πρὸς
316 1149 352 1185 δὲ
370 1150 433 1193 τήν
451 1147 601 1194 ὀξύτητα
621 1151 681 1194 τῆς
698 1149 833 1186 τούτων
850 1147 1068 1198 οἰκοδομίας,

56 1207 191 1252 ἑκάστῳ
209 1207 276 1240 τῶν
296 1207 407 1251 φίλων
434 1206 580 1241 στάδιον
607 1206 829 1253 διεμέτρησε,
868 1205 984 1242 δοῦσα
1008 1206 1070 1250 τὴν

32 1262 35 1264 ’
57 1260 184 1306 ἱκανήν
210 1259 255 1303 εἷς
273 1264 378 1297 τοῦτο
395 1263 586 1309 χορηγίαν,
624 1262 684 1297 καὶ
704 1261 998 1313 διακελευσαμένη
1020 1263 1071 1298 τέ-

56 1319 117 1360 λος
134 1319 316 1354 έπιθεῖναι
336 1319 409 1358 τοῖς
427 1316 542 1366 ἔργοις
560 1320 595 1353 ἐν
620 1317 767 1364 ἐνιαυτῷ
779 1330 788 1339 ·
826 1316 873 1353 ὡν
899 1317 1069 1362 ποιησάν-

55 1387 124 1408 των
144 1375 183 1409 τὸ
203 1374 428 1419 προςταχθὲν
450 1374 538 1420 μετοὶ
563 1375 694 1418 πολλῆς
721 1373 899 1418 σπουδῆς,
936 1373 1071 1409 τούτων

56 1431 120 1476 μὲν
155 1428 346 1472 ἀπεδέξατο
380 1430 443 1474 τήν
467 1430 692 1477 φιλοτιμίαν,
731 1426 821 1474 afim}
851 1429 887 1464 δὲ
913 1431 1005 1465 κατά
1030 1430 1071 1465 τὸ

57 1487 268 1523 στενότατον
300 1488 404 1533 μέρος
428 1487 492 1522 τοῦ
519 1487 686 1533 ποταμοῦ
720 1488 883 1534 γέφυραν
917 1486 1072 1522 σταδίων

59 1543 160 1578 πέντε
177 1543 216 1577 τὸ
235 1544 346 1590 μῆκος
363 1541 627 1585 κατεσκεύασεν,
657 1539 704 1584 εἷς
720 1542 844 1590 βυθὸν
863 1544 1073 1590 φιλοτέχνως

59 1601 249 1636 καθίσασα
268 1598 350 1640 τούς
366 1600 504 1640 κίονας·
541 1598 576 1634 οἳ
596 1598 632 1634 δὲ
652 1597 908 1644 διειστήκεισαν
933 1595 993 1634 ἄπ’
1013 1595 1073 1634 ἄλ·

59 1655 170 1699 λὴλων
187 1655 300 1696 πόδας
326 1654 480 1691 δώδεκα·
517 1656 599 1696 τούς
626 1655 662 1690 δὲ
689 1655 997 1703 συνερειδομένους
1022 1653 1073 1689 M·

59 1714 153 1752 θους
171 1713 310 1760 τόρνοις
327 1711 486 1760 σιδηροῖς
506 1711 737 1760 διελάμβανε,
775 1709 835 1747 καὶ
860 1712 922 1754 τὰς
939 1709 1073 1747 τούτων

61 1765 233 1815 ἁρμονίας
251 1768 407 1808 ἐπλήρου
423 1769 598 1812 μόλιβδον
617 1768 831 1813 ἐντήκουσα·
868 1769 942 1808 τοῖς
967 1766 1003 1803 δὲ
1023 1765 1076 1802 κί·
