<?xml version="1.0" encoding="UTF-8"?>
<!DOCTYPE html PUBLIC "-//W3C//DTD XHTML 1.0 Transitional//EN"
    "http://www.w3.org/TR/xhtml1/DTD/xhtml1-transitional.dtd">
<html xmlns="http://www.w3.org/1999/xhtml" xml:lang="en" lang="en">
 <head>
  <title>
</title>
<meta http-equiv="Content-Type" content="text/html;charset=utf-8" />
  <meta name='ocr-system' content='tesseract 3.04.00' />
  <meta name='ocr-capabilities' content='ocr_page ocr_carea ocr_par ocr_line ocrx_word'/>
</head>
<body>
  <div class='ocr_page' id='page_1' title='image "./diodorisiculibib01diod_0320.png"; bbox 0 0 1353 1989; ppageno 0'>
   <div class='ocr_carea' id='block_1_1' title="bbox 280 121 967 162">
    <p class='ocr_par' dir='ltr' id='par_1_1' title="bbox 280 121 967 162">
     <span class='ocr_line' id='line_1_1' title="bbox 280 121 967 162; baseline -0.015 1"><span class='ocrx_word' id='word_1_1' title='bbox 280 126 355 162; x_wconf 80' lang='lat'><strong><em>306</em></strong></span> <span class='ocrx_word' id='word_1_2' title='bbox 580 121 784 154; x_wconf 84' lang='lat' dir='ltr'><strong>DIODORI</strong></span> <span class='ocrx_word' id='word_1_3' title='bbox 812 121 967 155; x_wconf 84' lang='lat' dir='ltr'>SICVLl</span> 
     </span>
    </p>
   </div>
   <div class='ocr_carea' id='block_1_2' title="bbox 279 187 1302 1810">
    <p class='ocr_par' dir='ltr' id='par_1_2' title="bbox 279 187 1302 1644">
     <span class='ocr_line' id='line_1_2' title="bbox 280 187 1290 240; baseline 0.001 -13"><span class='ocrx_word' id='word_1_4' title='bbox 280 206 326 228; x_wconf 88' lang='grc' dir='ltr'><strong><em>τα</em></strong></span> <span class='ocrx_word' id='word_1_5' title='bbox 344 190 560 240; x_wconf 73' lang='grc' dir='ltr'><strong><em>κεκρύφθαι,</em></strong></span> <span class='ocrx_word' id='word_1_6' title='bbox 571 187 649 238; x_wconf 76' lang='grc' dir='ltr'><strong><em>ἅμα</em></strong></span> <span class='ocrx_word' id='word_1_7' title='bbox 662 191 708 240; x_wconf 77' lang='grc' dir='ltr'><strong><em>τῷ</em></strong></span> <span class='ocrx_word' id='word_1_8' title='bbox 725 193 982 240; x_wconf 78' lang='grc' dir='ltr'><strong><em>παραλλάττειν</em></strong></span> <span class='ocrx_word' id='word_1_9' title='bbox 1000 194 1060 228; x_wconf 87' lang='grc' dir='ltr'><strong><em>τὸν</em></strong></span> <span class='ocrx_word' id='word_1_10' title='bbox 1078 195 1200 237; x_wconf 85' lang='grc' dir='ltr'><strong><em>τόπον,</em></strong></span> <span class='ocrx_word' id='word_1_11' title='bbox 1212 194 1290 235; x_wconf 82' lang='grc' dir='ltr'><strong><em>ταῖς</em></strong></span> 
     </span>
     <span class='ocr_line' id='line_1_3' title="bbox 279 245 1290 296; baseline 0.002 -13"><span class='ocrx_word' id='word_1_12' title='bbox 279 248 343 296; x_wconf 83' lang='grc' dir='ltr'><strong><em>μὲν</em></strong></span> <span class='ocrx_word' id='word_1_13' title='bbox 360 247 479 296; x_wconf 78' lang='grc' dir='ltr'><strong><em>χερσὶν</em></strong></span> <span class='ocrx_word' id='word_1_14' title='bbox 496 246 666 295; x_wconf 79' lang='grc' dir='ltr'><strong><em>ἐδράξατο</em></strong></span> <span class='ocrx_word' id='word_1_15' title='bbox 686 250 745 293; x_wconf 81' lang='grc' dir='ltr'><strong><em>τῆς</em></strong></span> <span class='ocrx_word' id='word_1_16' title='bbox 765 245 891 295; x_wconf 79' lang='grc' dir='ltr'><strong><em>οὗρᾶς,</em></strong></span> <span class='ocrx_word' id='word_1_17' title='bbox 915 251 988 291; x_wconf 86' lang='grc' dir='ltr'><strong><em>τοῖς</em></strong></span> <span class='ocrx_word' id='word_1_18' title='bbox 1007 249 1045 284; x_wconf 88' lang='grc' dir='ltr'><strong><em>δὲ</em></strong></span> <span class='ocrx_word' id='word_1_19' title='bbox 1063 248 1170 285; x_wconf 80' lang='grc' dir='ltr'><strong><em>ποσὶν</em></strong></span> <span class='ocrx_word' id='word_1_20' title='bbox 1188 247 1290 285; x_wconf 78' lang='grc' dir='ltr'><strong><em>α’ντέ-</em></strong></span> 
     </span>
     <span class='ocr_line' id='line_1_4' title="bbox 281 301 1292 354; baseline 0.001 -16"><span class='ocrx_word' id='word_1_21' title='bbox 281 304 330 350; x_wconf 79' lang='grc' dir='ltr'><strong><em>βη</em></strong></span> <span class='ocrx_word' id='word_1_22' title='bbox 349 305 437 352; x_wconf 82' lang='grc' dir='ltr'><strong><em>πρὸς</em></strong></span> <span class='ocrx_word' id='word_1_23' title='bbox 454 306 516 340; x_wconf 86' lang='grc' dir='ltr'><strong><em>τὸν</em></strong></span> <span class='ocrx_word' id='word_1_24' title='bbox 535 302 719 354; x_wconf 79' lang='grc' dir='ltr'><strong><em>άριστερόν</em></strong></span> <span class='ocrx_word' id='word_1_25' title='bbox 736 305 868 352; x_wconf 86' lang='grc' dir='ltr'><strong><em>μηρόν·</em></strong></span> <span class='ocrx_word' id='word_1_26' title='bbox 888 304 972 350; x_wconf 74' lang='grc' dir='ltr'><strong><em>ἔχων</em></strong></span> <span class='ocrx_word' id='word_1_27' title='bbox 992 301 1031 340; x_wconf 83' lang='grc' dir='ltr'><strong><em>δ’</em></strong></span> <span class='ocrx_word' id='word_1_28' title='bbox 1049 303 1086 340; x_wconf 75' lang='grc' dir='ltr'><strong><em>ἔκ</em></strong></span> <span class='ocrx_word' id='word_1_29' title='bbox 1105 304 1172 340; x_wconf 72' lang='grc' dir='ltr'><strong><em>τῶν</em></strong></span> <span class='ocrx_word' id='word_1_30' title='bbox 1189 302 1292 351; x_wconf 78' lang='grc' dir='ltr'><strong><em>ὤμων</em></strong></span> 
     </span>
     <span class='ocr_line' id='line_1_5' title="bbox 279 359 1294 410; baseline 0.002 -15"><span class='ocrx_word' id='word_1_31' title='bbox 279 361 580 408; x_wconf 83' lang='grc' dir='ltr'><strong><em>προεξηρτημένον</em></strong></span> <span class='ocrx_word' id='word_1_32' title='bbox 597 362 763 404; x_wconf 84' lang='grc' dir='ltr'><strong><em>πέλεκυν,</em></strong></span> <span class='ocrx_word' id='word_1_33' title='bbox 791 362 933 407; x_wconf 81' lang='grc' dir='ltr'><strong><em>κοῦφον</em></strong></span> <span class='ocrx_word' id='word_1_34' title='bbox 949 361 1012 408; x_wconf 84' lang='grc' dir='ltr'><strong><em>μὲν</em></strong></span> <span class='ocrx_word' id='word_1_35' title='bbox 1029 361 1118 410; x_wconf 82' lang='grc' dir='ltr'><strong><em>πρὸς</em></strong></span> <span class='ocrx_word' id='word_1_36' title='bbox 1136 361 1200 405; x_wconf 83' lang='grc' dir='ltr'><strong><em>τήν</em></strong></span> <span class='ocrx_word' id='word_1_37' title='bbox 1218 359 1294 397; x_wconf 78' lang='grc' dir='ltr'><strong><em>άπὸ</em></strong></span> 
     </span>
     <span class='ocr_line' id='line_1_6' title="bbox 279 413 1289 465; baseline 0 -14"><span class='ocrx_word' id='word_1_38' title='bbox 279 418 339 461; x_wconf 85' lang='grc' dir='ltr'><strong><em>τῆς</em></strong></span> <span class='ocrx_word' id='word_1_39' title='bbox 356 417 438 464; x_wconf 78' lang='grc' dir='ltr'><strong><em>μιιῖις</em></strong></span> <span class='ocrx_word' id='word_1_40' title='bbox 459 418 576 463; x_wconf 77' lang='grc' dir='ltr'><strong><em>χειρὸς</em></strong></span> <span class='ocrx_word' id='word_1_41' title='bbox 602 417 756 464; x_wconf 75' lang='grc' dir='ltr'><strong><em>πληγήν,</em></strong></span> <span class='ocrx_word' id='word_1_42' title='bbox 796 414 877 457; x_wconf 83' lang='grc' dir='ltr'><strong><em>ὄξὺν</em></strong></span> <span class='ocrx_word' id='word_1_43' title='bbox 903 417 940 452; x_wconf 88' lang='grc' dir='ltr'><strong><em>δὲ</em></strong></span> <span class='ocrx_word' id='word_1_44' title='bbox 966 413 1052 453; x_wconf 79' lang='grc' dir='ltr'><strong><em>καθ’</em></strong></span> <span class='ocrx_word' id='word_1_45' title='bbox 1082 416 1289 465; x_wconf 79' lang='grc' dir='ltr'><strong><em>ὗπερβολὴν,</em></strong></span> 
     </span>
     <span class='ocr_line' id='line_1_7' title="bbox 279 472 1293 521; baseline 0 -14"><span class='ocrx_word' id='word_1_46' title='bbox 279 474 408 507; x_wconf 75' lang='grc' dir='ltr'><strong><em>τοῦτον</em></strong></span> <span class='ocrx_word' id='word_1_47' title='bbox 426 473 625 519; x_wconf 78' lang='grc' dir='ltr'><strong><em>λαβόμενος</em></strong></span> <span class='ocrx_word' id='word_1_48' title='bbox 643 476 679 508; x_wconf 81' lang='grc' dir='ltr'><strong><em>ἐν</em></strong></span> <span class='ocrx_word' id='word_1_49' title='bbox 697 473 741 520; x_wconf 71' lang='grc' dir='ltr'><strong><em>τῇ</em></strong></span> <span class='ocrx_word' id='word_1_50' title='bbox 760 472 856 521; x_wconf 79' lang='grc' dir='ltr'><strong><em>δεξιᾷ</em></strong></span> <span class='ocrx_word' id='word_1_51' title='bbox 870 473 974 521; x_wconf 78' lang='grc' dir='ltr'><strong><em>χειρί,</em></strong></span> <span class='ocrx_word' id='word_1_52' title='bbox 1002 475 1212 521; x_wconf 78' lang='grc' dir='ltr'><strong><em>νευροκοπεῖ</em></strong></span> <span class='ocrx_word' id='word_1_53' title='bbox 1229 473 1293 516; x_wconf 85' lang='grc' dir='ltr'><strong><em>τήν</em></strong></span> 
     </span>
     <span class='ocr_line' id='line_1_8' title="bbox 281 527 1297 577; baseline 0.001 -15"><span class='ocrx_word' id='word_1_54' title='bbox 281 528 395 569; x_wconf 80' lang='grc' dir='ltr'><strong><em>δεξιάν</em></strong></span> <span class='ocrx_word' id='word_1_55' title='bbox 415 527 526 576; x_wconf 75' lang='grc' dir='ltr'><strong><em>ἰγνύν,</em></strong></span> <span class='ocrx_word' id='word_1_56' title='bbox 544 531 679 570; x_wconf 75' lang='grc' dir='ltr'><strong><em>πυκνάς</em></strong></span> <span class='ocrx_word' id='word_1_57' title='bbox 697 530 904 577; x_wconf 85' lang='grc' dir='ltr'><strong><em>καταφέρων</em></strong></span> <span class='ocrx_word' id='word_1_58' title='bbox 921 529 1068 577; x_wconf 76' lang='grc' dir='ltr'><strong><em>πληγάς,</em></strong></span> <span class='ocrx_word' id='word_1_59' title='bbox 1089 528 1148 565; x_wconf 79' lang='grc' dir='ltr'><strong><em>καὶ</em></strong></span> <span class='ocrx_word' id='word_1_60' title='bbox 1167 529 1227 564; x_wconf 80' lang='grc' dir='ltr'><strong><em>διά</em></strong></span> <span class='ocrx_word' id='word_1_61' title='bbox 1236 530 1297 572; x_wconf 86' lang='grc' dir='ltr'><strong><em>τῆς</em></strong></span> 
     </span>
     <span class='ocr_line' id='line_1_9' title="bbox 281 583 1296 632; baseline 0.001 -13"><span class='ocrx_word' id='word_1_62' title='bbox 281 583 466 632; x_wconf 66' lang='grc' dir='ltr'><strong><em>ἀριστερᾶς</em></strong></span> <span class='ocrx_word' id='word_1_63' title='bbox 480 586 595 632; x_wconf 77' lang='grc' dir='ltr'><strong><em>χειρὸς</em></strong></span> <span class='ocrx_word' id='word_1_64' title='bbox 613 584 776 628; x_wconf 79' lang='grc' dir='ltr'><strong><em>οἰακίζων</em></strong></span> <span class='ocrx_word' id='word_1_65' title='bbox 793 586 834 620; x_wconf 86' lang='grc' dir='ltr'><strong><em>τὸ</em></strong></span> <span class='ocrx_word' id='word_1_66' title='bbox 854 585 947 620; x_wconf 79' lang='grc' dir='ltr'><strong><em>ἴδιον</em></strong></span> <span class='ocrx_word' id='word_1_67' title='bbox 966 583 1078 631; x_wconf 72' lang='grc' dir='ltr'><strong><em>σῶμα.</em></strong></span> <span class='ocrx_word' id='word_1_68' title='bbox 1122 584 1296 631; x_wconf 83' lang='grc' dir='ltr'><strong><em>Παράδο-</em></strong></span> 
     </span>
     <span class='ocr_line' id='line_1_10' title="bbox 280 638 1296 690; baseline 0.001 -15"><span class='ocrx_word' id='word_1_69' title='bbox 280 644 339 681; x_wconf 83' lang='grc' dir='ltr'><strong><em>ξον</em></strong></span> <span class='ocrx_word' id='word_1_70' title='bbox 376 640 412 676; x_wconf 85' lang='grc' dir='ltr'><strong><em>δὲ</em></strong></span> <span class='ocrx_word' id='word_1_71' title='bbox 448 638 597 685; x_wconf 79' lang='grc' dir='ltr'><strong><em>ὀξύτητα</em></strong></span> <span class='ocrx_word' id='word_1_72' title='bbox 634 644 707 682; x_wconf 80' lang='grc' dir='ltr'><strong><em>τοῖς</em></strong></span> <span class='ocrx_word' id='word_1_73' title='bbox 740 640 855 689; x_wconf 73' lang='grc' dir='ltr'><strong><em>ἔργοις</em></strong></span> <span class='ocrx_word' id='word_1_74' title='bbox 886 643 1154 690; x_wconf 86' lang='grc' dir='ltr'><strong><em>προςφέρουσιν,</em></strong></span> <span class='ocrx_word' id='word_1_75' title='bbox 1175 640 1218 683; x_wconf 82' lang='grc' dir='ltr'><strong><em>ὥς</em></strong></span> <span class='ocrx_word' id='word_1_76' title='bbox 1251 638 1296 676; x_wconf 79' lang='grc' dir='ltr'><strong><em>ἂν</em></strong></span> 
     </span>
     <span class='ocr_line' id='line_1_11' title="bbox 282 693 1295 745; baseline 0.001 -14"><span class='ocrx_word' id='word_1_77' title='bbox 282 693 406 732; x_wconf 72' lang='grc' dir='ltr'><strong><em>ἄθλου</em></strong></span> <span class='ocrx_word' id='word_1_78' title='bbox 424 699 483 740; x_wconf 81' lang='grc' dir='ltr'><strong><em>τῆς</em></strong></span> <span class='ocrx_word' id='word_1_79' title='bbox 501 694 594 738; x_wconf 80' lang='grc' dir='ltr'><strong><em>ἰδίας</em></strong></span> <span class='ocrx_word' id='word_1_80' title='bbox 613 699 726 744; x_wconf 82' lang='grc' dir='ltr'><strong><em>ψυχῆς</em></strong></span> <span class='ocrx_word' id='word_1_81' title='bbox 744 698 879 745; x_wconf 78' lang='grc' dir='ltr'>ἑκάστῳ</span> <span class='ocrx_word' id='word_1_82' title='bbox 897 699 1151 744; x_wconf 84' lang='grc' dir='ltr'><strong><em>προκειμένου·</em></strong></span> <span class='ocrx_word' id='word_1_83' title='bbox 1185 695 1208 739; x_wconf 86' lang='grc' dir='ltr'><em>ἢ</em></span> <span class='ocrx_word' id='word_1_84' title='bbox 1224 698 1295 745; x_wconf 76' lang='grc' dir='ltr'><strong><em>γάρ</em></strong></span> 
     </span>
     <span class='ocr_line' id='line_1_12' title="bbox 279 751 1293 802; baseline -0.001 -14"><span class='ocrx_word' id='word_1_85' title='bbox 279 753 528 802; x_wconf 83' lang='grc' dir='ltr'><strong><em>χειρώσασθαι</em></strong></span> <span class='ocrx_word' id='word_1_86' title='bbox 564 754 602 788; x_wconf 89' lang='grc' dir='ltr'><strong><em>τὸ</em></strong></span> <span class='ocrx_word' id='word_1_87' title='bbox 629 754 715 796; x_wconf 81' lang='grc' dir='ltr'><strong><em>ζῶον</em></strong></span> <span class='ocrx_word' id='word_1_88' title='bbox 742 752 764 798; x_wconf 83' lang='grc' dir='ltr'><em>ἣ</em></span> <span class='ocrx_word' id='word_1_89' title='bbox 790 754 954 802; x_wconf 72' lang='grc' dir='ltr'><strong><em>τελευτᾷν</em></strong></span> <span class='ocrx_word' id='word_1_90' title='bbox 981 751 1090 789; x_wconf 77' lang='grc' dir='ltr'><strong><em>αὐτὸν</em></strong></span> <span class='ocrx_word' id='word_1_91' title='bbox 1128 754 1293 794; x_wconf 80' lang='grc' dir='ltr'><strong><em>λείπεται,</em></strong></span> 
     </span>
     <span class='ocr_line' id='line_1_13' title="bbox 284 806 1296 858; baseline 0 -14"><span class='ocrx_word' id='word_1_92' title='bbox 284 811 343 854; x_wconf 83' lang='grc' dir='ltr'><strong><em>τῆς</em></strong></span> <span class='ocrx_word' id='word_1_93' title='bbox 369 810 604 856; x_wconf 80' lang='grc' dir='ltr'><strong><em>περιστάσεως</em></strong></span> <span class='ocrx_word' id='word_1_94' title='bbox 632 806 697 845; x_wconf 79' lang='grc' dir='ltr'><strong><em>οὔκ</em></strong></span> <span class='ocrx_word' id='word_1_95' title='bbox 724 810 969 855; x_wconf 77' lang='grc' dir='ltr'><strong><em>ἐπιδεχομένης</em></strong></span> <span class='ocrx_word' id='word_1_96' title='bbox 987 808 1105 858; x_wconf 74' lang='grc' dir='ltr'><strong><em>ἕτερον</em></strong></span> <span class='ocrx_word' id='word_1_97' title='bbox 1133 807 1296 845; x_wconf 72' lang='grc' dir='ltr'><strong><em>ἀποτέλε-</em></strong></span> 
     </span>
     <span class='ocr_line' id='line_1_14' title="bbox 284 865 1295 914; baseline -0.001 -14"><span class='ocrx_word' id='word_1_98' title='bbox 284 879 368 912; x_wconf 87' lang='grc' dir='ltr'><strong><em>σμα.</em></strong></span> <span class='ocrx_word' id='word_1_99' title='bbox 411 867 461 901; x_wconf 89' lang='grc' dir='ltr'><strong><em>Τὸ</em></strong></span> <span class='ocrx_word' id='word_1_100' title='bbox 482 865 519 900; x_wconf 85' lang='grc' dir='ltr'><strong><em>δὲ</em></strong></span> <span class='ocrx_word' id='word_1_101' title='bbox 538 866 808 914; x_wconf 78' lang='grc' dir='ltr'><strong><em>νευροκοπηθὲν</em></strong></span> <span class='ocrx_word' id='word_1_102' title='bbox 827 866 891 912; x_wconf 81' lang='grc' dir='ltr'><strong><em>μὲν</em></strong></span> <span class='ocrx_word' id='word_1_103' title='bbox 910 865 1011 908; x_wconf 84' lang='grc' dir='ltr'><strong><em>ζῶον,</em></strong></span> <span class='ocrx_word' id='word_1_104' title='bbox 1049 866 1136 901; x_wconf 83' lang='grc' dir='ltr'><strong><em>ποτὲ</em></strong></span> <span class='ocrx_word' id='word_1_105' title='bbox 1153 865 1218 911; x_wconf 83' lang='grc' dir='ltr'><strong><em>μὲν</em></strong></span> <span class='ocrx_word' id='word_1_106' title='bbox 1236 865 1295 900; x_wconf 82' lang='grc' dir='ltr'><strong><em>διά</em></strong></span> 
     </span>
     <span class='ocr_line' id='line_1_15' title="bbox 283 919 1296 969; baseline -0.001 -13"><span class='ocrx_word' id='word_1_107' title='bbox 283 921 347 966; x_wconf 81' lang='grc' dir='ltr'><strong><em>τὴν</em></strong></span> <span class='ocrx_word' id='word_1_108' title='bbox 366 920 594 966; x_wconf 85' lang='grc' dir='ltr'><strong><em>δυςκινησίαν</em></strong></span> <span class='ocrx_word' id='word_1_109' title='bbox 613 919 817 957; x_wconf 69' lang='grc' dir='ltr'><strong><em>ἀδυνατοῦν</em></strong></span> <span class='ocrx_word' id='word_1_110' title='bbox 839 922 1072 969; x_wconf 84' lang='grc' dir='ltr'><strong><em>στρέφεσθαι,</em></strong></span> <span class='ocrx_word' id='word_1_111' title='bbox 1094 921 1154 956; x_wconf 85' lang='grc' dir='ltr'><strong><em>καὶ</em></strong></span> <span class='ocrx_word' id='word_1_112' title='bbox 1174 934 1296 957; x_wconf 87' lang='grc' dir='ltr'><strong><em>συνεκ-</em></strong></span> 
     </span>
     <span class='ocr_line' id='line_1_16' title="bbox 284 977 1293 1024; baseline -0.001 -12"><span class='ocrx_word' id='word_1_113' title='bbox 284 978 490 1024; x_wconf 80' lang='grc' dir='ltr'><strong><em>κλινόμενον</em></strong></span> <span class='ocrx_word' id='word_1_114' title='bbox 508 978 595 1024; x_wconf 86' lang='grc' dir='ltr'><strong><em>πρὸς</em></strong></span> <span class='ocrx_word' id='word_1_115' title='bbox 613 979 675 1013; x_wconf 88' lang='grc' dir='ltr'><strong><em>τὸν</em></strong></span> <span class='ocrx_word' id='word_1_116' title='bbox 693 979 905 1014; x_wconf 81' lang='grc' dir='ltr'><strong><em>πεπονθότα</em></strong></span> <span class='ocrx_word' id='word_1_117' title='bbox 924 979 1047 1019; x_wconf 84' lang='grc' dir='ltr'><strong><em>τόπον,</em></strong></span> <span class='ocrx_word' id='word_1_118' title='bbox 1067 978 1198 1020; x_wconf 83' lang='grc' dir='ltr'><strong><em>πίπτει,</em></strong></span> <span class='ocrx_word' id='word_1_119' title='bbox 1234 977 1293 1012; x_wconf 78' lang='grc' dir='ltr'><strong><em>καὶ</em></strong></span> 
     </span>
     <span class='ocr_line' id='line_1_17' title="bbox 282 1031 1300 1082; baseline 0 -14"><span class='ocrx_word' id='word_1_120' title='bbox 282 1034 346 1068; x_wconf 85' lang='grc' dir='ltr'><strong><em>τὸν</em></strong></span> <span class='ocrx_word' id='word_1_121' title='bbox 363 1031 530 1069; x_wconf 80' lang='grc' dir='ltr'><strong><em>Αἰθίοπα</em></strong></span> <span class='ocrx_word' id='word_1_122' title='bbox 549 1036 793 1070; x_wconf 75' lang='grc' dir='ltr'><strong><em>συναπόλλυσι</em></strong></span> <span class='ocrx_word' id='word_1_123' title='bbox 810 1047 817 1054; x_wconf 93' lang='grc'>·</span> <span class='ocrx_word' id='word_1_124' title='bbox 854 1034 940 1069; x_wconf 88' lang='grc' dir='ltr'><strong><em>ποτὲ</em></strong></span> <span class='ocrx_word' id='word_1_125' title='bbox 968 1033 1004 1068; x_wconf 83' lang='grc' dir='ltr'><strong><em>δὲ</em></strong></span> <span class='ocrx_word' id='word_1_126' title='bbox 1023 1035 1110 1081; x_wconf 83' lang='grc' dir='ltr'><strong><em>πρὸς</em></strong></span> <span class='ocrx_word' id='word_1_127' title='bbox 1129 1033 1260 1082; x_wconf 84' lang='grc' dir='ltr'><strong><em>πέτραν</em></strong></span> <span class='ocrx_word' id='word_1_128' title='bbox 1279 1031 1300 1075; x_wconf 79' lang='grc' dir='ltr'><em>ἢ</em></span> 
     </span>
     <span class='ocr_line' id='line_1_18' title="bbox 286 1088 1299 1138; baseline 0 -15"><span class='ocrx_word' id='word_1_129' title='bbox 286 1088 432 1136; x_wconf 80' lang='grc' dir='ltr'><strong><em>δένδρον</em></strong></span> <span class='ocrx_word' id='word_1_130' title='bbox 453 1088 670 1134; x_wconf 66' lang='grc' dir='ltr'><strong><em>ἀποθλῖψαν</em></strong></span> <span class='ocrx_word' id='word_1_131' title='bbox 691 1091 752 1125; x_wconf 84' lang='grc' dir='ltr'><strong><em>τὸν</em></strong></span> <span class='ocrx_word' id='word_1_132' title='bbox 772 1088 978 1138; x_wconf 75' lang='grc' dir='ltr'><strong><em>ἄνθρωπον,</em></strong></span> <span class='ocrx_word' id='word_1_133' title='bbox 994 1090 1042 1136; x_wconf 78' lang='grc' dir='ltr'><strong><em>τῷ</em></strong></span> <span class='ocrx_word' id='word_1_134' title='bbox 1057 1090 1163 1137; x_wconf 80' lang='grc' dir='ltr'><strong><em>βάρει</em></strong></span> <span class='ocrx_word' id='word_1_135' title='bbox 1178 1089 1299 1131; x_wconf 79' lang='grc' dir='ltr'><strong><em>πιέζει,</em></strong></span> 
     </span>
     <span class='ocr_line' id='line_1_19' title="bbox 284 1142 1298 1193; baseline -0.001 -12"><span class='ocrx_word' id='word_1_136' title='bbox 284 1147 402 1193; x_wconf 79' lang='grc' dir='ltr'><strong><em>μέχρις</em></strong></span> <span class='ocrx_word' id='word_1_137' title='bbox 421 1142 464 1180; x_wconf 77' lang='grc' dir='ltr'><strong><em>ἂν</em></strong></span> <span class='ocrx_word' id='word_1_138' title='bbox 485 1143 694 1193; x_wconf 72' lang='grc' dir='ltr'><strong><em>ἀποκτείνῃ·</em></strong></span> <span class='ocrx_word' id='word_1_139' title='bbox 715 1145 799 1181; x_wconf 73' lang='grc' dir='ltr'><strong><em>ἔνιοι</em></strong></span> <span class='ocrx_word' id='word_1_140' title='bbox 820 1146 856 1180; x_wconf 84' lang='grc' dir='ltr'><strong><em>δὲ</em></strong></span> <span class='ocrx_word' id='word_1_141' title='bbox 867 1146 934 1182; x_wconf 84' lang='grc' dir='ltr'><strong><em>τῶν</em></strong></span> <span class='ocrx_word' id='word_1_142' title='bbox 943 1145 1142 1191; x_wconf 81' lang='grc' dir='ltr'><strong><em>ἐλεφάντων</em></strong></span> <span class='ocrx_word' id='word_1_143' title='bbox 1159 1146 1298 1193; x_wconf 80' lang='grc' dir='ltr'><strong><em>περιαλ-</em></strong></span> 
     </span>
     <span class='ocr_line' id='line_1_20' title="bbox 284 1199 1295 1250; baseline -0.001 -14"><span class='ocrx_word' id='word_1_144' title='bbox 284 1204 357 1249; x_wconf 74' lang='grc' dir='ltr'><strong><em>γεῖς</em></strong></span> <span class='ocrx_word' id='word_1_145' title='bbox 374 1203 412 1236; x_wconf 79' lang='grc' dir='ltr'><strong><em>ἐκ</em></strong></span> <span class='ocrx_word' id='word_1_146' title='bbox 432 1202 501 1237; x_wconf 79' lang='grc' dir='ltr'><strong><em>τῶν</em></strong></span> <span class='ocrx_word' id='word_1_147' title='bbox 528 1203 740 1250; x_wconf 85' lang='grc' dir='ltr'><strong><em>τραυμάτων</em></strong></span> <span class='ocrx_word' id='word_1_148' title='bbox 764 1203 962 1249; x_wconf 78' lang='grc' dir='ltr'><strong><em>γενόμενοι,</em></strong></span> <span class='ocrx_word' id='word_1_149' title='bbox 999 1202 1065 1237; x_wconf 74' lang='grc' dir='ltr'><strong><em>τοῦ</em></strong></span> <span class='ocrx_word' id='word_1_150' title='bbox 1081 1203 1146 1248; x_wconf 88' lang='grc' dir='ltr'><strong><em>μὲν</em></strong></span> <span class='ocrx_word' id='word_1_151' title='bbox 1166 1199 1295 1249; x_wconf 77' lang='grc' dir='ltr'><strong><em>ἆμύνε-</em></strong></span> 
     </span>
     <span class='ocr_line' id='line_1_21' title="bbox 286 1255 1298 1305; baseline -0.003 -12"><span class='ocrx_word' id='word_1_152' title='bbox 286 1260 379 1294; x_wconf 84' lang='grc' dir='ltr'><strong><em>σθαι</em></strong></span> <span class='ocrx_word' id='word_1_153' title='bbox 399 1258 461 1292; x_wconf 88' lang='grc' dir='ltr'><strong><em>τὸν</em></strong></span> <span class='ocrx_word' id='word_1_154' title='bbox 479 1255 786 1305; x_wconf 78' lang='grc' dir='ltr'><strong><em>ἐπιβουλεύσαντα</em></strong></span> <span class='ocrx_word' id='word_1_155' title='bbox 802 1259 947 1305; x_wconf 73' lang='grc' dir='ltr'><strong><em>μακράν</em></strong></span> <span class='ocrx_word' id='word_1_156' title='bbox 965 1257 1196 1304; x_wconf 72' lang='grc' dir='ltr'><strong><em>ἀφεστήκασι,</em></strong></span> <span class='ocrx_word' id='word_1_157' title='bbox 1235 1258 1298 1300; x_wconf 82' lang='grc' dir='ltr'><strong><em>τήν</em></strong></span> 
     </span>
     <span class='ocr_line' id='line_1_22' title="bbox 289 1311 1298 1360; baseline 0 -12"><span class='ocrx_word' id='word_1_158' title='bbox 289 1313 326 1349; x_wconf 82' lang='grc' dir='ltr'><strong><em>δὲ</em></strong></span> <span class='ocrx_word' id='word_1_159' title='bbox 345 1314 464 1359; x_wconf 83' lang='grc' dir='ltr'><strong><em>φυγὴν</em></strong></span> <span class='ocrx_word' id='word_1_160' title='bbox 483 1314 543 1350; x_wconf 81' lang='grc' dir='ltr'><strong><em>διά</em></strong></span> <span class='ocrx_word' id='word_1_161' title='bbox 562 1316 625 1350; x_wconf 79' lang='grc' dir='ltr'><strong><em>τοῦ</em></strong></span> <span class='ocrx_word' id='word_1_162' title='bbox 646 1314 774 1350; x_wconf 82' lang='grc' dir='ltr'><strong><em>πεδίου</em></strong></span> <span class='ocrx_word' id='word_1_163' title='bbox 793 1316 993 1357; x_wconf 79' lang='grc' dir='ltr'><strong><em>ποιοῦνται,</em></strong></span> <span class='ocrx_word' id='word_1_164' title='bbox 1014 1316 1130 1360; x_wconf 80' lang='grc' dir='ltr'><strong><em>μέχρις</em></strong></span> <span class='ocrx_word' id='word_1_165' title='bbox 1148 1312 1192 1348; x_wconf 82' lang='grc' dir='ltr'><strong><em>ἂν</em></strong></span> <span class='ocrx_word' id='word_1_166' title='bbox 1211 1311 1298 1348; x_wconf 85' lang='grc' dir='ltr'><strong><em>ὅτου</em></strong></span> 
     </span>
     <span class='ocr_line' id='line_1_23' title="bbox 288 1367 1299 1418; baseline -0.003 -12"><span class='ocrx_word' id='word_1_167' title='bbox 288 1369 436 1414; x_wconf 79' lang='grc' dir='ltr'><strong><em>συνεχῶς</em></strong></span> <span class='ocrx_word' id='word_1_168' title='bbox 454 1369 474 1404; x_wconf 85' lang='grc' dir='ltr'>ὄ</span> <span class='ocrx_word' id='word_1_169' title='bbox 492 1370 736 1418; x_wconf 79' lang='grc' dir='ltr'><strong><em>προςβεβηκώς</em></strong></span> <span class='ocrx_word' id='word_1_170' title='bbox 755 1368 895 1407; x_wconf 85' lang='grc' dir='ltr'><strong><em>τύπτων</em></strong></span> <span class='ocrx_word' id='word_1_171' title='bbox 913 1369 962 1411; x_wconf 83' lang='grc' dir='ltr'><strong><em>εἷς</em></strong></span> <span class='ocrx_word' id='word_1_172' title='bbox 979 1371 1041 1405; x_wconf 87' lang='grc' dir='ltr'><strong><em>τὸν</em></strong></span> <span class='ocrx_word' id='word_1_173' title='bbox 1057 1367 1168 1405; x_wconf 77' lang='grc' dir='ltr'><strong><em>αὐτὸν</em></strong></span> <span class='ocrx_word' id='word_1_174' title='bbox 1187 1369 1299 1404; x_wconf 88' lang='grc' dir='ltr'><strong><em>τόπον</em></strong></span> 
     </span>
     <span class='ocr_line' id='line_1_24' title="bbox 288 1425 1301 1475; baseline -0.001 -15"><span class='ocrx_word' id='word_1_175' title='bbox 288 1426 334 1473; x_wconf 78' lang='grc' dir='ltr'><strong><em>τῷ</em></strong></span> <span class='ocrx_word' id='word_1_176' title='bbox 352 1426 497 1468; x_wconf 82' lang='grc' dir='ltr'><strong><em>πελέκει,</em></strong></span> <span class='ocrx_word' id='word_1_177' title='bbox 527 1426 704 1474; x_wconf 84' lang='grc' dir='ltr'><strong><em>διακόψας</em></strong></span> <span class='ocrx_word' id='word_1_178' title='bbox 722 1428 766 1461; x_wconf 78' lang='grc' dir='ltr'><strong><em>τά</em></strong></span> <span class='ocrx_word' id='word_1_179' title='bbox 791 1428 908 1475; x_wconf 74' lang='grc' dir='ltr'><strong><em>νεῦρα,</em></strong></span> <span class='ocrx_word' id='word_1_180' title='bbox 937 1425 1068 1474; x_wconf 79' lang='grc' dir='ltr'><strong><em>ποιήσῃ</em></strong></span> <span class='ocrx_word' id='word_1_181' title='bbox 1085 1426 1240 1473; x_wconf 86' lang='grc' dir='ltr'><strong><em>πάρετον</em></strong></span> <span class='ocrx_word' id='word_1_182' title='bbox 1250 1426 1301 1459; x_wconf 73' lang='grc' dir='ltr'><strong><em>’τὸ</em></strong></span> 
     </span>
     <span class='ocr_line' id='line_1_25' title="bbox 289 1478 1302 1531; baseline 0 -15"><span class='ocrx_word' id='word_1_183' title='bbox 289 1483 384 1524; x_wconf 84' lang='grc' dir='ltr'><strong><em>ζῶον.</em></strong></span> <span class='ocrx_word' id='word_1_184' title='bbox 415 1478 524 1517; x_wconf 86' lang='grc' dir='ltr'><strong><em>Ὅταν</em></strong></span> <span class='ocrx_word' id='word_1_185' title='bbox 544 1482 581 1518; x_wconf 83' lang='grc' dir='ltr'><strong><em>δὲ</em></strong></span> <span class='ocrx_word' id='word_1_186' title='bbox 599 1484 639 1518; x_wconf 84' lang='grc' dir='ltr'><strong><em>τὸ</em></strong></span> <span class='ocrx_word' id='word_1_187' title='bbox 658 1483 743 1526; x_wconf 80' lang='grc' dir='ltr'><strong><em>ζῶον</em></strong></span> <span class='ocrx_word' id='word_1_188' title='bbox 762 1484 862 1531; x_wconf 82' lang='grc' dir='ltr'><strong><em>πέσῃ,</em></strong></span> <span class='ocrx_word' id='word_1_189' title='bbox 883 1484 1114 1531; x_wconf 77' lang='grc' dir='ltr'><strong><em>συντρέχουσι</em></strong></span> <span class='ocrx_word' id='word_1_190' title='bbox 1132 1482 1221 1517; x_wconf 82' lang='grc' dir='ltr'><strong><em>κατά</em></strong></span> <span class='ocrx_word' id='word_1_191' title='bbox 1239 1493 1302 1516; x_wconf 77' lang='grc' dir='ltr'><strong><em>σι’-</em></strong></span> 
     </span>
     <span class='ocr_line' id='line_1_26' title="bbox 290 1538 1301 1587; baseline -0.002 -14"><span class='ocrx_word' id='word_1_192' title='bbox 290 1538 473 1586; x_wconf 78' lang='grc' dir='ltr'><strong><em>στήματα,</em></strong></span> <span class='ocrx_word' id='word_1_193' title='bbox 503 1538 562 1574; x_wconf 86' lang='grc' dir='ltr'><strong><em>καὶ</em></strong></span> <span class='ocrx_word' id='word_1_194' title='bbox 589 1539 712 1582; x_wconf 81' lang='grc' dir='ltr'><strong><em>ζῶντος</em></strong></span> <span class='ocrx_word' id='word_1_195' title='bbox 735 1538 785 1574; x_wconf 74' lang='grc' dir='ltr'><strong><em>ἔτι</em></strong></span> <span class='ocrx_word' id='word_1_196' title='bbox 811 1541 993 1586; x_wconf 82' lang='grc' dir='ltr'><strong><em>τέμνοντες</em></strong></span> <span class='ocrx_word' id='word_1_197' title='bbox 1018 1539 1080 1577; x_wconf 78' lang='grc' dir='ltr'><strong><em>τοὶς</em></strong></span> <span class='ocrx_word' id='word_1_198' title='bbox 1106 1538 1239 1587; x_wconf 72' lang='grc' dir='ltr'><strong><em>σάρκας</em></strong></span> <span class='ocrx_word' id='word_1_199' title='bbox 1265 1539 1301 1571; x_wconf 76' lang='grc' dir='ltr'><strong><em>ἐκ</em></strong></span> 
     </span>
     <span class='ocr_line' id='line_1_27' title="bbox 288 1592 913 1644; baseline 0.003 -16"><span class='ocrx_word' id='word_1_200' title='bbox 288 1594 357 1630; x_wconf 78' lang='grc' dir='ltr'><strong><em>τῶν</em></strong></span> <span class='ocrx_word' id='word_1_201' title='bbox 375 1593 531 1630; x_wconf 78' lang='grc' dir='ltr'><strong><em>ὄπισθεν</em></strong></span> <span class='ocrx_word' id='word_1_202' title='bbox 547 1595 669 1644; x_wconf 82' lang='grc' dir='ltr'><strong><em>μερῶν,</em></strong></span> <span class='ocrx_word' id='word_1_203' title='bbox 689 1592 913 1638; x_wconf 75' lang='grc' dir='ltr'><strong><em>εὐωχοῦνται.</em></strong></span> 
     </span>
    </p>

    <p class='ocr_par' dir='ltr' id='par_1_3' title="bbox 287 1645 1301 1810">
     <span class='ocr_line' id='line_1_28' title="bbox 374 1645 1301 1696; baseline -0.003 -10"><span class='ocrx_word' id='word_1_204' title='bbox 374 1651 436 1687; x_wconf 85' lang='lat'><strong><em>27.</em></strong></span> <span class='ocrx_word' id='word_1_205' title='bbox 467 1648 584 1687; x_wconf 79' lang='grc' dir='ltr'><strong><em>’Ἐνιοι</em></strong></span> <span class='ocrx_word' id='word_1_206' title='bbox 613 1652 650 1686; x_wconf 82' lang='grc' dir='ltr'><strong><em>δέ</em></strong></span> <span class='ocrx_word' id='word_1_207' title='bbox 669 1652 735 1687; x_wconf 74' lang='grc' dir='ltr'><strong><em>τῶν</em></strong></span> <span class='ocrx_word' id='word_1_208' title='bbox 754 1652 904 1696; x_wconf 82' lang='grc' dir='ltr'><strong><em>πλησίον</em></strong></span> <span class='ocrx_word' id='word_1_209' title='bbox 922 1645 1183 1686; x_wconf 77' lang='grc' dir='ltr'><strong><em>κατοικούντων</em></strong></span> <span class='ocrx_word' id='word_1_210' title='bbox 1194 1647 1301 1695; x_wconf 73' lang='grc' dir='ltr'><strong><em>χωρὶς</em></strong></span> 
     </span>
     <span class='ocr_line' id='line_1_29' title="bbox 289 1704 1296 1754; baseline 0.001 -15"><span class='ocrx_word' id='word_1_211' title='bbox 289 1704 460 1742; x_wconf 77' lang='grc' dir='ltr'><strong><em>κινδύνων</em></strong></span> <span class='ocrx_word' id='word_1_212' title='bbox 479 1704 681 1754; x_wconf 81' lang='grc' dir='ltr'><strong><em>θηρεύουσι</em></strong></span> <span class='ocrx_word' id='word_1_213' title='bbox 701 1708 781 1750; x_wconf 81' lang='grc' dir='ltr'><strong><em>τούς</em></strong></span> <span class='ocrx_word' id='word_1_214' title='bbox 797 1709 996 1753; x_wconf 82' lang='grc' dir='ltr'><strong><em>ἐλέφαντας,</em></strong></span> <span class='ocrx_word' id='word_1_215' title='bbox 1019 1707 1117 1752; x_wconf 78' lang='grc' dir='ltr'><strong><em>τέχνῃ</em></strong></span> <span class='ocrx_word' id='word_1_216' title='bbox 1135 1705 1196 1748; x_wconf 82' lang='grc' dir='ltr'><strong><em>τῆς</em></strong></span> <span class='ocrx_word' id='word_1_217' title='bbox 1213 1704 1296 1750; x_wconf 81' lang='grc' dir='ltr'><strong><em>βίας</em></strong></span> 
     </span>
     <span class='ocr_line' id='line_1_30' title="bbox 287 1760 1295 1810; baseline -0.001 -15"><span class='ocrx_word' id='word_1_218' title='bbox 287 1764 559 1810; x_wconf 69' lang='grc' dir='ltr'><strong><em>περιγινόμενοι.</em></strong></span> <span class='ocrx_word' id='word_1_219' title='bbox 611 1765 734 1798; x_wconf 78' lang='grc' dir='ltr'><strong><em>Εἴωθε</em></strong></span> <span class='ocrx_word' id='word_1_220' title='bbox 751 1765 822 1810; x_wconf 80' lang='grc' dir='ltr'><strong><em>γάρ</em></strong></span> <span class='ocrx_word' id='word_1_221' title='bbox 849 1764 954 1798; x_wconf 75' lang='grc' dir='ltr'><strong><em>τοῦτο</em></strong></span> <span class='ocrx_word' id='word_1_222' title='bbox 975 1762 1014 1796; x_wconf 86' lang='grc' dir='ltr'><strong><em>τὸ</em></strong></span> <span class='ocrx_word' id='word_1_223' title='bbox 1035 1760 1132 1803; x_wconf 81' lang='grc' dir='ltr'><strong><em>ζῶον,</em></strong></span> <span class='ocrx_word' id='word_1_224' title='bbox 1152 1760 1295 1796; x_wconf 78' lang='grc' dir='ltr'><strong><em>ἐπειδάν</em></strong></span> 
     </span>
    </p>
   </div>
  </div>
 </body>
</html>
