1314 1970
206 84 440 118 BIBLIOTH.
456 83 578 117 HIST.
594 85 680 117 LIB.
696 87 742 118 Il.
765 83 863 118 CAP.
879 86 1007 124 5556·
1053 86 1126 123 263

114 167 184 192 σον
201 151 417 202 εὖδαίμονα,
453 153 514 191 καὶ
531 157 691 198 ἐπιεικεῖς
710 153 943 205 ἀνθρώπους,
972 148 1056 201 παρ’
1075 146 1130 194 οἷς

114 210 299 259 μακαρίως
334 211 517 255 ζήσεσθαι.
569 207 718 259 Ὁμοίως
738 211 773 247 δέ
809 210 868 254 καὶ
887 209 926 244 τὸ
945 208 1080 245 ἑαυτῶν
1097 206 1131 243 ἴ-

117 270 207 308 θνος
226 266 382 312 ἔφασαν,
419 268 481 303 ἐάν
498 267 561 313 μὲν
580 267 615 303 οἳ
633 269 857 315 πεμφθέντες
875 263 921 306 εἷς
938 264 1001 309 τὴν
1021 265 1130 309 νῆσον

119 323 359 366 διασωθῶσιν,
396 324 584 364 ἑξακοσίων
602 324 687 360 ἑτῶν
706 322 842 371 εἶρὴνης
859 320 919 358 καὶ
936 320 1022 367 βίου
1040 320 1133 356 κατά

118 380 189 414 πᾶν
207 375 420 425 εὐδαίμονος
455 377 674 415 ἀπολαύσειν
687 392 695 401 ·
730 378 761 415 εἶ
797 379 842 423 δέ,
881 378 1132 424 καταπλαγέν-

120 449 172 477 τες
192 435 229 470 τὸ
264 437 376 481 μῆκος
409 436 472 471 τοῦ
496 436 680 482 πελάγους,
718 434 764 478 εἷς
781 433 938 472 τοῦπίσω
957 432 1133 476 ποιήσων-

120 504 179 526 ται
198 492 258 526 τὸν
277 492 399 534 πλοῦν,
438 490 482 532 ὥς
509 488 647 538 ἀσεβεῖς
665 491 725 527 καὶ
759 492 935 539 λυμεῶνας
959 485 1048 524 ὅλου
1065 489 1130 524 τοῦ

118 545 250 588 ἔθνους
290 548 472 599 τιμωρίαις
510 550 783 596 περιπεσεῖσθαι
824 549 901 588 ταῖς
937 545 1131 593 μεγίσταις.

122 602 214 644 Τοὺς
231 602 295 648 μέν
324 601 390 639 οὖν
425 601 610 644 Αἰθίοπας
643 605 797 652 μεγάλην
815 602 905 650 φασὶ
932 600 1131 649 πανήγυριν

117 655 265 706 ἀγαγεῖν
279 659 378 707 παρά
412 660 475 704 τήν
510 660 709 703 θάλατταν,
747 659 807 696 καὶ
824 659 959 698 θυσίας
979 657 1132 705 μεγαλο-

116 716 258 761 πρεπεῖς
274 716 536 757 ἐπιτελέσαντας
547 718 770 763 καταστέψαι
781 716 865 758 τοὺς
878 713 1131 760 σκεψομένους,

115 769 176 806 καὶ
194 773 387 819 καθαρμὸν
404 773 666 819 ποιησαμένους
685 773 748 807 τοῦ
780 771 909 812 ἔθνους
933 770 1133 809 ἐξαποστεῖ-

115 828 187 861 λαι.
227 826 384 868 Τούτους
404 826 441 862 δὲ
459 827 677 870 πλεύσαντας
695 830 847 876 πέλαγος
864 829 962 875 μέγα,
985 824 1045 861 καὶ
1059 839 1133 871 χει·

116 884 324 928 μασθέντας
342 885 378 918 ἐν
395 883 481 929 μησὶ
500 886 660 932 τέτταρσι
677 886 954 933 προςενεχθῆναι
973 880 1015 927 τῇ
1041 895 1133 930 προ·

117 938 347 986 σημανθείσῃ
366 939 468 986 νήσῳ,
507 939 707 988 στρογγύλῃ
741 941 805 988 μὲν
841 934 1049 986 ὕπαρχούσῃ
1084 937 1133 985 τῷ

120 994 288 1040 σχήματι,
326 995 388 1039 τήν
426 995 462 1031 δὲ
496 997 702 1045 περίμετρον
735 995 880 1047 ἐχούσῃ.
900 990 1053 1031 σταδίων
1087 992 1133 1035 ὥς

119 1051 408 1095 πεντακιςχιλίων.

185 1113 225 1143 (C.
248 1114 300 1141 56.)
314 1114 511 1138 Insulariorum
535 1120 651 1139 statura:
670 1115 818 1146 singulares
833 1117 954 1146 corporis
970 1114 1053 1141 dotes,
1067 1113 1133 1137 vel-

123 1147 151 1166 ut
165 1143 256 1174 lingua
279 1144 357 1168 bifida
382 1151 407 1169 et
422 1146 522 1177 duplex
544 1146 658 1177 loquela.
694 1147 767 1170 Coeli
789 1146 861 1170 mitis
881 1145 1057 1177 temperatio:
1080 1153 1130 1168 arn·

122 1174 216 1198 borum
234 1183 282 1206 per
295 1180 379 1199 totum
399 1185 498 1201 annum
517 1177 631 1202 fruetus.

209 1223 271 1257 56.
297 1219 387 1266 ’Ἡδη
408 1221 444 1257 δὲ
479 1219 594 1258 αὐτῶν
626 1224 832 1271 ἐγγιζόντων
851 1222 896 1271 τῇ
914 1222 1028 1269 νήσῳ,
1065 1222 1133 1257 τῶν

119 1277 292 1325 ἐγχωρίων
311 1279 407 1320 τινάς
444 1276 719 1322 ἀπαντήσαντας
743 1281 958 1326 καταγαγεῖν
976 1278 1017 1312 τὸ
1046 1277 1134 1312 σκά-

122 1344 206 1378 φος·
245 1332 328 1374 τούς
349 1334 384 1369 δὲ
411 1335 501 1369 κατά
527 1335 588 1378 τὴν
623 1336 730 1379 νῆσον
749 1334 1018 1383 συνδραμόντας
1034 1335 1133 1369 θαυ-

119 1389 242 1435 μάζειν
259 1389 323 1436 μὲν
342 1390 403 1424 τὸν
422 1391 488 1424 τῶν
522 1384 624 1432 ξένων
642 1392 858 1433 κατάπλουν,
896 1391 1131 1439 προςενεχθῆ-

123 1458 182 1479 ναι
202 1443 238 1478 δὲ
258 1441 380 1486 αὗτοῖς
399 1447 565 1488 ἐπιεικῶς,
605 1446 665 1481 καὶ
698 1445 928 1493 μεταδιδόναι
954 1445 1021 1480 τῶν
1046 1442 1129 1494 παρ’

122 1498 247 1540 αὑτοῖς
265 1501 457 1548 χρησίμων.
502 1498 606 1538 Εἶναι
626 1502 663 1537 δὲ
681 1503 762 1544 τυὺς
780 1504 843 1547 τήν
863 1504 973 1547 νῆσον
993 1499 1133 1536 οἰκοῦν-

124 1569 185 1597 τας
216 1558 292 1597 ταῖς
325 1559 393 1592 τῶν
437 1559 609 1604 σωμάτων
644 1557 796 1603 ἰδιότησι
828 1557 887 1594 καὶ
929 1559 1004 1598 ταῖς
1039 1554 1132 1604 ἄγω·

125 1613 203 1659 γαῖς
238 1613 329 1648 πολὺ
367 1613 637 1655 διαλλάττοντας
663 1615 731 1650 τῶν
756 1615 846 1651 κατά
873 1614 937 1658 τὴν
962 1610 1131 1661 ἡμετέραν

125 1665 344 1715 οἰκουμένην.
405 1672 554 1713 Πάντας
587 1671 650 1717 μὲν
683 1672 752 1721 γάρ
778 1670 1050 1718 παραπλησίους
1084 1662 1132 1703 εἷ-

126 1737 185 1759 ναι
216 1726 291 1768 τοῖς
317 1723 574 1774 ἀναπλάσμασι
601 1728 666 1763 τῶν
686 1727 867 1775 σωμάτων,
904 1723 1073 1762 καὶκατὰ
1091 1724 1131 1760 τό
