1314 1970
183 116 414 149 BtBLIOTH.
431 117 552 149 HIST.
574 116 656 148 ΜΒ.
676 116 720 148 11.
737 116 838 149 CAP.
856 121 916 157 38·
987 121 1062 158 237

45 189 215 236 καρποῖς,
233 186 362 230 ἐσθῆσι
383 186 417 222 δὲ
438 189 513 228 ταῖς
543 185 664 235 δοραῖς
682 187 749 221 τῶν
768 193 938 234 ἐγχωριων
957 186 1062 230 ζώων,

45 245 216 290 καθάπερ
243 242 303 278 καὶ
323 239 405 290 παρ’
428 240 600 287 εἘλλησιν.
664 239 813 288 Ὁμοίως
848 242 883 278 δέ
911 242 971 278 καὶ
996 244 1063 278 τῶν

48 301 174 345 τεχνῶν
200 300 262 339 τιὶς
287 297 438 347 εὑρέσεις
463 298 523 334 καὶ
542 301 609 334 τῶν
637 295 750 334 ἄλλων
777 298 844 334 τῶν
873 300 960 346 πρὸς
983 299 1064 346 βίον

46 355 227 403 χρησίμων
245 357 281 390 ἐκ
300 354 366 390 τοῦ
385 351 459 390 κατ’
486 352 605 402 ὀλίγον
630 355 820 401 γενέσθαι,
865 354 925 398 τῆς
946 355 1062 402 χρείας

49 408 157 453 αὐτῆς
178 410 424 458 ὑφηγουμένης
442 408 674 457 εὖφυεῖ·ζώῳ,
698 410 758 446 καὶ
768 411 959 459 συνεργοὺς
969 410 1063 455 {202¹-

49 482 82 502 τι
99 468 187 512 πρὸς
205 464 347 502 ἅπαντα
365 468 503 514 χεῖρας,
541 466 601 502 καὶ
620 467 725 513 λόγον
738 494 747 509 ,
785 466 844 502 καὶ
870 465 983 513 ψυχῆς
1002 465 1065 514 ἆγ-

45 523 196 567 χίνοιαν.
255 524 526 569 Μυθολογοῖισι
546 521 581 557 δὲ
600 523 698 568 παραὶ
718 524 791 563 τοῖς
808 519 930 564 Ἰνδοῖς
947 521 982 557 οἳ
1009 525 1066 558 λο-

47 580 228 627 γιώτατοι,
273 577 354 625 περὶ
373 569 420 613 ῶν
445 576 609 621 καθῆκον
627 576 672 613 ἄν
697 579 748 623 εἴη
770 579 949 625 συντόμως
978 577 1066 615 διελ-

46 636 142 670 θεῖν.
169 632 263 670 Φασὶ
272 632 399 681 γάρ,’ἐν
409 636 482 675 τοῖς
493 631 738 683 ἀρχαιοτάτοις
744 635 896 681 χρόνοις,
909 631 991 684 παρ’
1003 632 1067 670 αὔ-

48 692 123 732 τοῖς
140 689 190 726 ἔτι
208 692 276 726 τῶν
297 689 499 738 ἀνθρώπων
519 689 682 737 κωμηδὸν
711 688 921 733 οἰκούντων,
948 705 1067 738 παρα·

50 747 222 793 γενέσθαι
240 747 302 782 τὸν
320 747 498 783 Διόνυσον
518 748 554 781 ἐκ
576 748 643 782 τῶν
660 747 749 794 πρὸς
767 749 918 795 ἑσπέραν
936 747 1066 789 τόπων,

51 802 177 846 ἔχοντα
197 802 349 850 δύναμιν
377 801 581 850 ἀξιόλογον·
616 804 782 838 ἐπελθεῖν
811 802 847 837 δὲ
874 803 938 847 τὴν
964 799 1070 838 Ἰνδι-

54 859 121 903 κὴν
139 856 303 901 ἅπασαν,
340 858 514 905 μηδεμιᾶς
533 855 643 902 οὔσης
664 858 852 904 ἀξιολόγου
870 859 999 899 πόλεως
1010 859 1069 901 τῆς

53 915 252 961 δυναμένης
279 914 549 956 ἀντιτάξασθαι.
608 911 884 962 Ἐπιγενομένων
921 913 957 949 δὲ
983 927 1068 950 καυ-

55 971 174 1007 ,ιάτων
193 971 371 1017 μεγάλων,
409 969 468 1005 καὶ
494 971 561 1006 τῶν
585 970 652 1006 τοῦ
681 970 865 1006 Διονύσου
891 983 1068 1018 στρατιω-

57 1027 122 1061 τῶν
143 1027 284 1074 λοιμικῇ
301 1028 391 1074 νόσῳ
411 1025 735 1074 διαφθειρομένων,
774 1027 910 1062 συνέσει
939 1026 1070 1072 διαφέ-

57 1095 167 1130 ροντα
185 1083 246 1117 τὸν
267 1080 419 1129 ἡγεμόνα
439 1082 569 1118 τοῦτον
588 1081 790 1130 ἀπαγαγεῖν
810 1083 850 1118 τὸ
877 1084 1070 1130 στρατόπε-

58 1137 123 1173 δον
142 1139 177 1175 ἒκ
203 1139 271 1173 τῶν
296 1137 445 1174 πεδινῶν
473 1139 589 1174 τόπων
614 1137 661 1178 εἷς
686 1139 749 1183 τήν
777 1135 924 1188 ὀρεινήν.
979 1135 1071 1174 'Ev-

59 1194 186 1231 ταῦθα
206 1193 242 1230 δὲ
259 1195 434 1229 πνεόντων
454 1195 597 1242 ψυχρῶν
623 1192 778 1240 ἀνέμων,
826 1193 886 1230 καὶ
914 1195 981 1230 τῶν
1009 1209 1070 1230 να-

57 1251 234 1298 ματιαίων
271 1248 410 1285 ὑδάτων
447 1251 619 1296 καθαρῶν
652 1251 801 1297 ῥεόντων
828 1250 916 1298 πρὸς
944 1247 1071 1291 αὗταῖς

61 1309 139 1348 ταῖς
148 1308 287 1353 πηγαῖς,
302 1304 551 1352 ἀπαλλαγῆναι
560 1305 736 1349 τῆςνόσου
754 1306 795 1340 τὸ
815 1305 1069 1354 στρατόπεδον.

54 1361 326 1410 Ονομάζεσθαι
347 1361 383 1397 δὲ
401 1361 459 1405 τῆς
478 1357 612 1410 ὀρεινῆς
629 1361 690 1397 τὸν
717 1362 827 1397 τόπον
845 1375 975 1397 τουτον
985 1368 1070 1407 Μη-

61 1421 146 1467 ρόν,
182 1415 268 1454 καθ’
289 1414 329 1452 ὃν
349 1417 369 1453 ὁ
387 1417 564 1458 Διόνυσος
582 1419 737 1465 ἐξέτρεψε
763 1418 824 1459 τάς
844 1416 1008 1464 δυναμεις
1033 1421 1069 1454 ἐκ

58 1470 395 1520 dodoau-&³013
409 1473 449 1517 δη
461 1488 521 1509 και
532 1474 611 1515 τοὺς
614 1471 781 1518 ’Έλληνας
796 1473 876 1522 περὶ
896 1474 961 1510 τοῦ
978 1475 1070 1510 θεοῦ

58 1531 193 1567 τούτου
209 1529 500 1578 παραδεδωκεναι
521 1532 597 1572 τοῖς
612 1532 932 1578 μεταγενεστέροις,
950 1531 1069 1578 τετρά-

56 1590 159 1632 φθαι
167 1588 228 1622 τὸν
238 1587 416 1622 Διόνυσον
425 1588 461 1621 ἐν
479 1585 589 1635 μηρῷ,
602 1588 708 1622 Μετὰ
720 1585 878 1622 δὲταῦτα
888 1586 947 1630 τῆς
957 1600 1070 1634 παρα-

61 1644 190 1684 θέσεως
207 1644 275 1678 τῶν
294 1643 439 1689 καρπῶν
457 1643 731 1690 ἐπιμεληθέντα,
751 1642 980 1689 μεταδιδόναι
996 1645 1070 1683 τοῖς

54 1696 197 1742 Ἰνδοῖς,
233 1698 292 1735 καὶ
311 1700 372 1742 τὴν
393 1695 527 1747 εὕρεσιν
553 1699 620 1735 τοῦ
648 1700 747 1735 οἴνου
774 1699 835 1735 καὶ
861 1700 929 1734 τῶν
956 1696 1066 1735 ἄλλων

58 1755 122 1790 τῶν
143 1753 189 1796 εἷς
207 1756 268 1791 τὸν
295 1755 375 1802 βίον
400 1757 581 1803 χρησίμων
606 1756 843 1805 παραδοῦναι.
905 1757 1003 1804 Πρὸς
1031 1755 1068 1790 δὲ
