1353 1989
231 93 307 132 246
556 87 763 121 DIODORI
792 87 948 121 SICVLI

321 163 383 198 73.
417 158 562 195 Τούτων
590 155 627 193 δ’
653 159 789 205 ἑκάστῳ
819 160 1077 208 μυθολογοῦσι
1102 161 1164 196 τὸν
1190 160 1261 196 Διά

234 219 302 254 τῶν
321 216 539 266 εὑρεθέντων
559 211 617 250 ὑπ’
638 211 753 250 αὗτοῦ
772 214 834 251 καὶ
852 217 1134 262 συντελουμένων
1152 215 1261 264 ἔργων

233 275 295 314 τάς
314 272 509 319 ἐπιστήμας
536 271 595 307 καὶ
614 272 677 314 τάς
703 271 807 318 τιμάς
833 272 893 317 τῆς
921 271 1085 322 εὑρέσεως
1110 269 1262 308 0³:⁷10st-

232 344 316 378 μαι,
356 329 580 376 βουλόμενον
609 326 755 364 αῗὼνιον
782 326 906 370 αὐτοῖς
925 330 1157 377 περιποιῆσαι
1173 328 1262 376 μνή·

231 401 302 433 μην
328 386 428 434 παρά
449 386 559 421 πᾶσιν
585 382 804 434 ἀνθρώποις.
855 385 1131 434 Παραδοθῆναι
1159 384 1195 420 δὲ
1219 383 1262 432 τῇ

231 444 295 490 μὲν
307 439 496 490 Ἀφροδίτῃ
525 441 588 485 τήν
608 456 642 477 τε
661 442 728 486 τῶν
756 444 950 490 παρθένων
969 439 1128 487 ἡλικίαν,
1158 443 1195 477 ἐν
1212 435 1262 482 οἷς

230 501 372 548 χρόνοις
392 499 446 534 δεῖ
464 500 593 546 γαμεῖν
609 495 730 540 αὐτάς,
757 498 821 534 καὶ
839 499 903 544 τήν
922 496 1031 545 ἄλλην
1049 499 1259 546 ἐπιμέλειαν,

233 557 295 600 τὴν
315 555 366 591 ἔτι
392 554 453 591 καὶ
480 557 546 590 νῦν
564 557 600 591 ἐν
627 557 700 597 τοῖς
726 556 855 604 γάμοις
875 557 1066 604 γινομένην
1083 557 1175 603 μετά
1189 556 1262 590 θυ-

233 613 318 648 σιῶν
338 611 398 648 καὶ
417 611 602 657 σπονδῶν,
641 607 684 653 ἃς
709 613 882 648 ποιοῦσιν
913 609 1106 662 ἅνθρωποι
1125 611 1168 660 τῇ
1188 611 1264 658 θεῷ

233 668 362 717 ταύτῃ.
407 668 630 716 Προθύουσι
651 668 687 703 δὲ
710 669 883 717 πρότερον
900 666 1053 711 ἅπαντες
1070 668 1116 717 τῷ
1135 667 1203 705 Διῒ
1216 668 1264 714 τῷ

233 726 370 773 τελείῳ,
407 723 468 761 καὶ
479 722 572 773 ’Ἠρᾳ
595 726 726 772 τελείᾳ,
765 724 824 759 διά
840 727 882 761 τὸ
911 726 1060 768 τούτους
1085 724 1263 773 ἀρχηγοὺς

233 784 419 830 γεγονέναι
438 781 498 817 καὶ
525 782 668 817 πάντων
688 780 848 828 εύρετάς,
887 783 1020 818 καθότι
1041 782 1263 829 προείρηται.

239 841 328 879 Ταῖς
349 838 385 873 δὲ
410 839 544 886 Χάρισι
572 837 731 882 δοθῆναι
754 838 818 882 τὴν
852 840 912 884 τῆς
936 837 1051 885 ὄψεως
1077 839 1262 885 κόσμησιν,

235 895 297 931 καὶ
316 897 356 931 τὸ
377 895 600 941 σχηματίζειν
621 892 771 930 ἕκαστον
791 895 896 942 μέρος
916 896 979 930 τοῦ
999 895 1161 942 σώματος
1176 895 1265 942 πρὸς

235 953 275 987 τό
295 952 437 998 βέλτιον
457 950 518 987 καὶ
536 951 704 1001 προςηνές
722 953 797 993 τοῖς
816 952 1017 999 θεωροῦσι·
1038 952 1128 999 πρὸς
1137 950 1174 986 δὲ
1183 951 1265 986 τού-

235 1022 309 1049 τοις
327 1010 367 1044 τὸ
387 1009 574 1057 κατάρχειν
594 1005 806 1056 εὔεργεσίας,
835 1008 896 1044 καὶ
914 1009 1022 1044 πάλιν
1042 1006 1265 1055 ἀμείβεσθαι

238 1066 315 1104 ταῖς
343 1064 602 1112 προςηκούσαις
615 1065 740 1111 χάρισι
763 1064 846 1106 τούς
873 1062 1146 1109 εὖποιήσαντας.
1197 1061 1264 1100 ,Εἶ-

235 1122 402 1156 λείθυιαν
439 1120 476 1156 δὲ
502 1121 626 1167 λαβεῖν
652 1122 716 1164 τήν
745 1119 824 1169 περὶ
850 1122 913 1162 τοὶς
936 1120 1126 1162 τικτούσας
1147 1122 1264 1166 ἐπιμί-

236 1179 343 1221 λειαν,
364 1177 424 1213 καὶ
442 1177 646 1225 θεραπείαν
665 1178 733 1212 τῶν
752 1179 788 1213 ἐν
808 1177 855 1224 τῷ
872 1177 1000 1213 τίκτειν
1018 1179 1260 1214 κακοπαθου-

235 1235 322 1270 σῶν·
362 1233 417 1269 διὸ
444 1233 505 1269 καὶ
529 1234 590 1275 τάς
615 1236 652 1269 ἐν
680 1235 755 1275 τοῖς
779 1233 957 1277 τοιούτοις
981 1232 1263 1276 κινδυνευούσας

233 1292 407 1338 γυναῖκας
433 1292 688 1326 ἐπικαλεῖσθαι
711 1291 869 1338 μάλιστα
894 1292 957 1336 τὴν
992 1292 1084 1327 θεὸν
1115 1289 1260 1336 ταύτην.

229 1344 386 1394 Αρτεμιν
410 1346 447 1382 δέ
475 1361 586 1393 φασιν
613 1346 727 1395 εὑρεῖν
754 1349 817 1392 τὴν
843 1348 911 1383 τῶν
937 1349 1073 1392 νηπιων
1106 1346 1262 1383 παιδίων

233 1405 457 1451 θεραπείαν
486 1403 547 1439 καὶ
567 1405 705 1451 τροφάς
724 1418 822 1446 τινας
841 1403 1065 1452 ἁρμοζούσας
1086 1404 1128 1452 τῇ
1153 1400 1261 1450 φύσει

234 1462 301 1495 τῶν
319 1461 482 1508 βρεφῶν·
520 1457 582 1506 αφ’
613 1474 652 1505 ης
676 1458 793 1503 αἰτίας
823 1459 883 1497 καὶ
901 1462 1168 1546 Κουροτρόφον
1195 1474 1259 1496 αι-

234 1517 296 1560 τήν
317 1515 570 1563 ὀνομάζεσθαι.
605 1518 682 1553 Τῶν
702 1513 739 1552 δ’
760 1515 1072 1566 ὄνουαζομένωνῖ(
1072 1518 1161 1567 -ρῶν
1178 1517 1258 1553 ἑκά-

234 1588 298 1621 στη
321 1573 479 1617 δοθῆναι
506 1575 569 1618 τήν
589 1574 778 1620 ἐπώνυμον
802 1575 901 1616 τάξιν
928 1589 964 1610 τε
992 1573 1054 1610 καὶ
1079 1575 1142 1610 τοῦ
1170 1574 1257 1620 βίου

235 1630 484 1677 διακόσμησιν,
495 1629 552 1666 ἐπὶ
572 1631 616 1678 τῇ
633 1631 860 1678 μεγίστῃτῶν
872 1627 1256 1680 ἄνθρώπωνῶφελείᾳ·

234 1686 342 1730 μηδὲν
361 1688 431 1735 γάρ
452 1682 542 1723 εἶναι
560 1688 698 1734 μᾶλλον
726 1687 925 1734 δυνάμενον
950 1684 1148 1734 εὗδαίμονοι
1174 1685 1258 1732 βίον

231 1744 509 1792 παρασκευάσαι
536 1744 598 1790 τῆς
624 1741 790 1789 εὖνομιάς
813 1744 874 1780 καὶ
901 1744 999 1789 δίκης
1025 1741 1084 1778 καὶ
1112 1740 1248 1790 εἰρήνης
