<?xml version="1.0" encoding="UTF-8"?>
<!DOCTYPE html PUBLIC "-//W3C//DTD XHTML 1.0 Transitional//EN"
    "http://www.w3.org/TR/xhtml1/DTD/xhtml1-transitional.dtd">
<html xmlns="http://www.w3.org/1999/xhtml" xml:lang="en" lang="en">
 <head>
  <title>
</title>
<meta http-equiv="Content-Type" content="text/html;charset=utf-8" />
  <meta name='ocr-system' content='tesseract 3.04.00' />
  <meta name='ocr-capabilities' content='ocr_page ocr_carea ocr_par ocr_line ocrx_word'/>
</head>
<body>
  <div class='ocr_page' id='page_1' title='image "./diodorisiculibib01diod/diodorisiculibib01diod_0123.png"; bbox 0 0 1314 1970; ppageno 0'>
   <div class='ocr_carea' id='block_1_1' title="bbox 168 113 1089 154">
    <p class='ocr_par' dir='ltr' id='par_1_1' title="bbox 168 113 1089 154">
     <span class='ocr_line' id='line_1_1' title="bbox 168 113 1089 154; baseline -0.004 -5"><span class='ocrx_word' id='word_1_1' title='bbox 168 116 404 153; x_wconf 87' lang='lat' dir='ltr'><strong>BIBLIOTH.</strong></span> <span class='ocrx_word' id='word_1_2' title='bbox 431 117 552 149; x_wconf 89' lang='lat' dir='ltr'>HIST.</span> <span class='ocrx_word' id='word_1_3' title='bbox 581 115 668 149; x_wconf 88' lang='lat' dir='ltr'><strong>LIB.</strong></span> <span class='ocrx_word' id='word_1_4' title='bbox 697 115 725 148; x_wconf 91' lang='grc' dir='ltr'><strong><em>Ι.</em></strong></span> <span class='ocrx_word' id='word_1_5' title='bbox 754 113 855 147; x_wconf 88' lang='lat' dir='ltr'>CAP.</span> <span class='ocrx_word' id='word_1_6' title='bbox 884 118 943 154; x_wconf 84' lang='grc'><strong><em>66.</em></strong></span> <span class='ocrx_word' id='word_1_7' title='bbox 1015 118 1089 153; x_wconf 81' lang='lat'><strong><em>113</em></strong></span> 
     </span>
    </p>
   </div>
   <div class='ocr_carea' id='block_1_2' title="bbox 70 183 1096 1848">
    <p class='ocr_par' dir='ltr' id='par_1_2' title="bbox 70 183 1096 1848">
     <span class='ocr_line' id='line_1_2' title="bbox 72 183 1086 233; baseline -0.006 -8"><span class='ocrx_word' id='word_1_8' title='bbox 72 186 244 233; x_wconf 66' lang='grc' dir='ltr'><strong><em>ἅλλὴλους</em></strong></span> <span class='ocrx_word' id='word_1_9' title='bbox 258 187 429 232; x_wconf 80' lang='grc' dir='ltr'><strong><em>ὁμονοίας</em></strong></span> <span class='ocrx_word' id='word_1_10' title='bbox 462 186 522 223; x_wconf 80' lang='grc' dir='ltr'><strong><em>καὶ</em></strong></span> <span class='ocrx_word' id='word_1_11' title='bbox 542 187 697 228; x_wconf 85' lang='grc' dir='ltr'><strong><em>πίστεως,</em></strong></span> <span class='ocrx_word' id='word_1_12' title='bbox 735 183 914 226; x_wconf 73' lang='grc' dir='ltr'><em>ἀνέδειξαν</em></span> <span class='ocrx_word' id='word_1_13' title='bbox 932 185 1086 225; x_wconf 81' lang='grc' dir='ltr'><strong><em>ἑαυτοὺς</em></strong></span> 
     </span>
     <span class='ocr_line' id='line_1_3' title="bbox 70 237 1092 292; baseline -0.005 -12"><span class='ocrx_word' id='word_1_14' title='bbox 70 246 238 292; x_wconf 73' lang='grc' dir='ltr'><strong><em>βασιλεῖς,</em></strong></span> <span class='ocrx_word' id='word_1_15' title='bbox 278 240 355 279; x_wconf 72' lang='grc' dir='ltr'><strong><em>Ἐπ’</em></strong></span> <span class='ocrx_word' id='word_1_16' title='bbox 378 243 435 289; x_wconf 71' lang='grc' dir='ltr'><strong><em>ἔτη</em></strong></span> <span class='ocrx_word' id='word_1_17' title='bbox 459 243 496 279; x_wconf 86' lang='grc' dir='ltr'><strong><em>δὲ</em></strong></span> <span class='ocrx_word' id='word_1_18' title='bbox 527 241 776 278; x_wconf 81' lang='grc' dir='ltr'><strong><em>πεντεκαίδεκα</em></strong></span> <span class='ocrx_word' id='word_1_19' title='bbox 811 241 904 278; x_wconf 79' lang='grc' dir='ltr'><strong><em>κατά</em></strong></span> <span class='ocrx_word' id='word_1_20' title='bbox 923 241 1006 283; x_wconf 86' lang='grc' dir='ltr'><strong><em>τούς</em></strong></span> <span class='ocrx_word' id='word_1_21' title='bbox 1024 237 1092 288; x_wconf 82' lang='grc' dir='ltr'><strong><em>ὄρ-</em></strong></span> 
     </span>
     <span class='ocr_line' id='line_1_4' title="bbox 71 295 1088 348; baseline -0.004 -12"><span class='ocrx_word' id='word_1_22' title='bbox 71 314 158 342; x_wconf 89' lang='grc' dir='ltr'><strong><em>κους</em></strong></span> <span class='ocrx_word' id='word_1_23' title='bbox 177 299 238 336; x_wconf 85' lang='grc' dir='ltr'><strong><em>καὶ</em></strong></span> <span class='ocrx_word' id='word_1_24' title='bbox 255 300 318 341; x_wconf 74' lang='grc' dir='ltr'><strong><em>τοὶς</em></strong></span> <span class='ocrx_word' id='word_1_25' title='bbox 333 299 526 348; x_wconf 75' lang='grc' dir='ltr'><strong><em>ὁμολογίας</em></strong></span> <span class='ocrx_word' id='word_1_26' title='bbox 543 296 717 348; x_wconf 67' lang='grc' dir='ltr'><strong><em>ἄρξαντες,</em></strong></span> <span class='ocrx_word' id='word_1_27' title='bbox 755 297 815 333; x_wconf 81' lang='grc' dir='ltr'><strong><em>καὶ</em></strong></span> <span class='ocrx_word' id='word_1_28' title='bbox 832 298 896 342; x_wconf 86' lang='grc' dir='ltr'><strong><em>τὴν</em></strong></span> <span class='ocrx_word' id='word_1_29' title='bbox 913 298 1004 345; x_wconf 87' lang='grc' dir='ltr'><strong><em>πρὸς</em></strong></span> <span class='ocrx_word' id='word_1_30' title='bbox 1022 295 1088 332; x_wconf 81' lang='grc' dir='ltr'><strong><em>ἆλ-</em></strong></span> 
     </span>
     <span class='ocr_line' id='line_1_5' title="bbox 72 354 1093 405; baseline -0.004 -13"><span class='ocrx_word' id='word_1_31' title='bbox 72 357 198 401; x_wconf 82' lang='grc' dir='ltr'><strong><em>λήλους</em></strong></span> <span class='ocrx_word' id='word_1_32' title='bbox 218 355 391 403; x_wconf 81' lang='grc' dir='ltr'><strong><em>ὁμόνοιαν</em></strong></span> <span class='ocrx_word' id='word_1_33' title='bbox 411 355 704 405; x_wconf 77' lang='grc' dir='ltr'><strong><em>διατηρήσαντες,</em></strong></span> <span class='ocrx_word' id='word_1_34' title='bbox 742 354 960 401; x_wconf 77' lang='grc' dir='ltr'><strong><em>ἐπεβάλοντο</em></strong></span> <span class='ocrx_word' id='word_1_35' title='bbox 979 366 1093 388; x_wconf 86' lang='grc' dir='ltr'><strong><em>κατα·</em></strong></span> 
     </span>
     <span class='ocr_line' id='line_1_6' title="bbox 73 410 1092 458; baseline -0.006 -8"><span class='ocrx_word' id='word_1_36' title='bbox 73 413 247 450; x_wconf 81' lang='grc' dir='ltr'><strong><em>σκευάσαι</em></strong></span> <span class='ocrx_word' id='word_1_37' title='bbox 265 415 386 449; x_wconf 86' lang='grc' dir='ltr'><strong><em>κοινὸν</em></strong></span> <span class='ocrx_word' id='word_1_38' title='bbox 421 411 586 447; x_wconf 74' lang='grc' dir='ltr'><strong><em>ἁπάντων</em></strong></span> <span class='ocrx_word' id='word_1_39' title='bbox 620 412 746 457; x_wconf 81' lang='grc' dir='ltr'><strong><em>τάφον,</em></strong></span> <span class='ocrx_word' id='word_1_40' title='bbox 785 410 843 446; x_wconf 80' lang='grc' dir='ltr'><strong><em>ἵνα</em></strong></span> <span class='ocrx_word' id='word_1_41' title='bbox 871 411 1039 458; x_wconf 74' lang='grc' dir='ltr'><strong><em>καθάπερ</em></strong></span> <span class='ocrx_word' id='word_1_42' title='bbox 1055 411 1092 445; x_wconf 82' lang='grc' dir='ltr'><strong><em>έν</em></strong></span> 
     </span>
     <span class='ocr_line' id='line_1_7' title="bbox 74 465 1092 517; baseline -0.004 -13"><span class='ocrx_word' id='word_1_43' title='bbox 74 469 121 517; x_wconf 72' lang='grc' dir='ltr'><strong><em>τῷ</em></strong></span> <span class='ocrx_word' id='word_1_44' title='bbox 155 468 217 516; x_wconf 79' lang='grc' dir='ltr'><strong><em>ζῇν</em></strong></span> <span class='ocrx_word' id='word_1_45' title='bbox 251 465 459 510; x_wconf 74' lang='grc' dir='ltr'><strong><em>εὗνοοῦντες</em></strong></span> <span class='ocrx_word' id='word_1_46' title='bbox 495 467 658 512; x_wconf 69' lang='grc' dir='ltr'><strong><em>ἀλλήλοις</em></strong></span> <span class='ocrx_word' id='word_1_47' title='bbox 691 468 760 502; x_wconf 81' lang='grc' dir='ltr'><strong><em>τῶν</em></strong></span> <span class='ocrx_word' id='word_1_48' title='bbox 785 467 873 502; x_wconf 77' lang='grc' dir='ltr'><strong><em>ἴσων</em></strong></span> <span class='ocrx_word' id='word_1_49' title='bbox 893 466 1092 514; x_wconf 73' lang='grc' dir='ltr'><strong><em>ἐτύγχανον</em></strong></span> 
     </span>
     <span class='ocr_line' id='line_1_8' title="bbox 73 521 1092 572; baseline -0.004 -12"><span class='ocrx_word' id='word_1_50' title='bbox 73 525 190 572; x_wconf 83' lang='grc' dir='ltr'><strong><em>τιμῶν,</em></strong></span> <span class='ocrx_word' id='word_1_51' title='bbox 224 521 318 559; x_wconf 74' lang='grc' dir='ltr'><strong><em>οὕτω</em></strong></span> <span class='ocrx_word' id='word_1_52' title='bbox 336 523 399 560; x_wconf 85' lang='grc' dir='ltr'><strong><em>καὶ</em></strong></span> <span class='ocrx_word' id='word_1_53' title='bbox 414 526 505 571; x_wconf 77' lang='grc' dir='ltr'><strong><em>μετά</em></strong></span> <span class='ocrx_word' id='word_1_54' title='bbox 521 524 586 569; x_wconf 86' lang='grc' dir='ltr'><strong><em>τὴν</em></strong></span> <span class='ocrx_word' id='word_1_55' title='bbox 605 524 768 567; x_wconf 72' lang='grc' dir='ltr'><strong><em>τελευτήν</em></strong></span> <span class='ocrx_word' id='word_1_56' title='bbox 784 525 822 559; x_wconf 78' lang='grc' dir='ltr'><strong><em>ἐν</em></strong></span> <span class='ocrx_word' id='word_1_57' title='bbox 839 521 890 559; x_wconf 82' lang='grc' dir='ltr'><strong><em>ἑνὶ</em></strong></span> <span class='ocrx_word' id='word_1_58' title='bbox 907 523 1004 570; x_wconf 82' lang='grc' dir='ltr'><strong><em>τόπῳ</em></strong></span> <span class='ocrx_word' id='word_1_59' title='bbox 1023 524 1092 557; x_wconf 79' lang='grc' dir='ltr'><strong><em>τῶν</em></strong></span> 
     </span>
     <span class='ocr_line' id='line_1_9' title="bbox 72 580 1092 627; baseline -0.003 -11"><span class='ocrx_word' id='word_1_60' title='bbox 72 581 246 627; x_wconf 89' lang='grc' dir='ltr'><strong><em>σωμάτων</em></strong></span> <span class='ocrx_word' id='word_1_61' title='bbox 285 582 466 627; x_wconf 84' lang='grc' dir='ltr'><strong><em>κειμένων,</em></strong></span> <span class='ocrx_word' id='word_1_62' title='bbox 510 581 550 615; x_wconf 90' lang='grc' dir='ltr'><strong><em>τὸ</em></strong></span> <span class='ocrx_word' id='word_1_63' title='bbox 587 580 882 616; x_wconf 78' lang='grc' dir='ltr'><strong><em>κατασκευασθὲν</em></strong></span> <span class='ocrx_word' id='word_1_64' title='bbox 917 581 1092 627; x_wconf 84' lang='grc' dir='ltr'><strong><em>μνημεῖον</em></strong></span> 
     </span>
     <span class='ocr_line' id='line_1_10' title="bbox 73 633 1093 685; baseline -0.002 -13"><span class='ocrx_word' id='word_1_65' title='bbox 73 636 176 684; x_wconf 78' lang='grc' dir='ltr'><strong><em>κοινῇ</em></strong></span> <span class='ocrx_word' id='word_1_66' title='bbox 190 637 341 685; x_wconf 80' lang='grc' dir='ltr'><strong><em>περιοχῇ</em></strong></span> <span class='ocrx_word' id='word_1_67' title='bbox 360 638 424 681; x_wconf 88' lang='grc' dir='ltr'><strong><em>τὴν</em></strong></span> <span class='ocrx_word' id='word_1_68' title='bbox 439 638 506 673; x_wconf 82' lang='grc' dir='ltr'><strong><em>τῶν</em></strong></span> <span class='ocrx_word' id='word_1_69' title='bbox 525 637 744 682; x_wconf 82' lang='grc' dir='ltr'><strong><em>ἐνταφέντων</em></strong></span> <span class='ocrx_word' id='word_1_70' title='bbox 765 635 883 677; x_wconf 83' lang='grc' dir='ltr'><strong><em>δόξαν.</em></strong></span> <span class='ocrx_word' id='word_1_71' title='bbox 923 633 989 676; x_wconf 81' lang='grc' dir='ltr'><strong><em>Εἷς</em></strong></span> <span class='ocrx_word' id='word_1_72' title='bbox 1005 635 1093 670; x_wconf 78' lang='grc' dir='ltr'><strong><em>ταὺ-</em></strong></span> 
     </span>
     <span class='ocr_line' id='line_1_11' title="bbox 71 690 1093 741; baseline -0.002 -13"><span class='ocrx_word' id='word_1_73' title='bbox 71 698 134 736; x_wconf 84' lang='grc' dir='ltr'><strong><em>την</em></strong></span> <span class='ocrx_word' id='word_1_74' title='bbox 154 692 271 737; x_wconf 80' lang='grc' dir='ltr'><strong><em>δὲτὴν</em></strong></span> <span class='ocrx_word' id='word_1_75' title='bbox 288 694 459 741; x_wconf 79' lang='grc' dir='ltr'><strong><em>ἐπιβολὴν</em></strong></span> <span class='ocrx_word' id='word_1_76' title='bbox 475 694 760 740; x_wconf 68' lang='grc' dir='ltr'><strong><em>φιλοκαλοῦντες,</em></strong></span> <span class='ocrx_word' id='word_1_77' title='bbox 790 691 966 728; x_wconf 68' lang='grc' dir='ltr'><strong><em>ἔσπευσαν</em></strong></span> <span class='ocrx_word' id='word_1_78' title='bbox 986 690 1093 739; x_wconf 76' lang='grc' dir='ltr'><strong><em>ὕπερ-</em></strong></span> 
     </span>
     <span class='ocr_line' id='line_1_12' title="bbox 72 745 1090 797; baseline -0.002 -13"><span class='ocrx_word' id='word_1_79' title='bbox 72 749 277 796; x_wconf 78' lang='grc' dir='ltr'><strong><em>βάλλεσθαι</em></strong></span> <span class='ocrx_word' id='word_1_80' title='bbox 295 750 342 796; x_wconf 79' lang='grc' dir='ltr'><strong><em>τῷ</em></strong></span> <span class='ocrx_word' id='word_1_81' title='bbox 360 751 506 797; x_wconf 76' lang='grc' dir='ltr'><strong><em>μεγέθει</em></strong></span> <span class='ocrx_word' id='word_1_82' title='bbox 524 751 592 786; x_wconf 78' lang='grc' dir='ltr'><strong><em>τῶν</em></strong></span> <span class='ocrx_word' id='word_1_83' title='bbox 610 747 720 797; x_wconf 72' lang='grc' dir='ltr'><strong><em>ἔργων</em></strong></span> <span class='ocrx_word' id='word_1_84' title='bbox 739 745 903 790; x_wconf 74' lang='grc' dir='ltr'><strong><em>ἅπαντας</em></strong></span> <span class='ocrx_word' id='word_1_85' title='bbox 921 748 1002 790; x_wconf 78' lang='grc' dir='ltr'><strong><em>τοὺς</em></strong></span> <span class='ocrx_word' id='word_1_86' title='bbox 1019 748 1090 795; x_wconf 82' lang='grc' dir='ltr'><strong><em>πρὸ</em></strong></span> 
     </span>
     <span class='ocr_line' id='line_1_13' title="bbox 73 801 1092 854; baseline -0.001 -14"><span class='ocrx_word' id='word_1_87' title='bbox 73 804 202 841; x_wconf 77' lang='grc' dir='ltr'><strong><em>αὑτῶν.</em></strong></span> <span class='ocrx_word' id='word_1_88' title='bbox 246 801 489 852; x_wconf 78' lang='grc' dir='ltr'><strong><em>Ἐκλεξάμενοι</em></strong></span> <span class='ocrx_word' id='word_1_89' title='bbox 506 807 577 854; x_wconf 82' lang='grc' dir='ltr'><strong><em>γάρ</em></strong></span> <span class='ocrx_word' id='word_1_90' title='bbox 596 807 708 841; x_wconf 80' lang='grc' dir='ltr'><strong><em>τόπον</em></strong></span> <span class='ocrx_word' id='word_1_91' title='bbox 725 806 826 853; x_wconf 80' lang='grc' dir='ltr'><strong><em>παρά</em></strong></span> <span class='ocrx_word' id='word_1_92' title='bbox 845 806 908 840; x_wconf 89' lang='grc' dir='ltr'><strong><em>τὸν</em></strong></span> <span class='ocrx_word' id='word_1_93' title='bbox 925 805 1092 845; x_wconf 83' lang='grc' dir='ltr'><strong><em>εἴςπλουν</em></strong></span> 
     </span>
     <span class='ocr_line' id='line_1_14' title="bbox 73 859 1091 911; baseline -0.001 -15"><span class='ocrx_word' id='word_1_94' title='bbox 73 861 135 897; x_wconf 84' lang='grc' dir='ltr'><strong><em>τὸν</em></strong></span> <span class='ocrx_word' id='word_1_95' title='bbox 167 860 214 902; x_wconf 81' lang='grc' dir='ltr'><strong><em>εἷς</em></strong></span> <span class='ocrx_word' id='word_1_96' title='bbox 248 863 313 907; x_wconf 84' lang='grc' dir='ltr'><strong><em>τὴν</em></strong></span> <span class='ocrx_word' id='word_1_97' title='bbox 349 861 531 911; x_wconf 80' lang='grc' dir='ltr'><strong><em>Μοίριδος</em></strong></span> <span class='ocrx_word' id='word_1_98' title='bbox 564 862 689 908; x_wconf 79' lang='grc' dir='ltr'><strong><em>λίμνην</em></strong></span> <span class='ocrx_word' id='word_1_99' title='bbox 707 864 741 896; x_wconf 81' lang='grc' dir='ltr'><strong><em>έν</em></strong></span> <span class='ocrx_word' id='word_1_100' title='bbox 770 861 814 908; x_wconf 83' lang='grc' dir='ltr'><strong><em>τῇ</em></strong></span> <span class='ocrx_word' id='word_1_101' title='bbox 830 859 963 908; x_wconf 76' lang='grc' dir='ltr'><strong><em>Λιβύῃ,</em></strong></span> <span class='ocrx_word' id='word_1_102' title='bbox 986 874 1091 895; x_wconf 82' lang='grc' dir='ltr'><strong><em>κατε-</em></strong></span> 
     </span>
     <span class='ocr_line' id='line_1_15' title="bbox 74 916 1096 965; baseline 0 -13"><span class='ocrx_word' id='word_1_103' title='bbox 74 917 246 960; x_wconf 81' lang='grc' dir='ltr'><strong><em>σκεύαζον</em></strong></span> <span class='ocrx_word' id='word_1_104' title='bbox 264 920 327 954; x_wconf 81' lang='grc' dir='ltr'><strong><em>τὸν</em></strong></span> <span class='ocrx_word' id='word_1_105' title='bbox 345 919 462 965; x_wconf 80' lang='grc' dir='ltr'><strong><em>τάφον</em></strong></span> <span class='ocrx_word' id='word_1_106' title='bbox 490 920 527 953; x_wconf 86' lang='grc' dir='ltr'><strong><em>έκ</em></strong></span> <span class='ocrx_word' id='word_1_107' title='bbox 564 919 632 953; x_wconf 79' lang='grc' dir='ltr'><strong><em>τῶν</em></strong></span> <span class='ocrx_word' id='word_1_108' title='bbox 650 918 842 953; x_wconf 78' lang='grc' dir='ltr'><strong><em>καλλίστων</em></strong></span> <span class='ocrx_word' id='word_1_109' title='bbox 863 918 995 952; x_wconf 75' lang='grc' dir='ltr'><strong><em>λίθων·</em></strong></span> <span class='ocrx_word' id='word_1_110' title='bbox 1033 916 1096 952; x_wconf 81' lang='grc' dir='ltr'><strong><em>καῖ</em></strong></span> 
     </span>
     <span class='ocr_line' id='line_1_16' title="bbox 74 972 1093 1023; baseline 0.001 -16"><span class='ocrx_word' id='word_1_111' title='bbox 74 974 123 1021; x_wconf 78' lang='grc' dir='ltr'><strong><em>τῷ</em></strong></span> <span class='ocrx_word' id='word_1_112' title='bbox 140 974 203 1020; x_wconf 85' lang='grc' dir='ltr'><strong><em>μὲν</em></strong></span> <span class='ocrx_word' id='word_1_113' title='bbox 221 974 373 1021; x_wconf 80' lang='grc' dir='ltr'><strong><em>σχήματι</em></strong></span> <span class='ocrx_word' id='word_1_114' title='bbox 391 975 610 1023; x_wconf 82' lang='grc' dir='ltr'><strong><em>τετράγωνον</em></strong></span> <span class='ocrx_word' id='word_1_115' title='bbox 629 973 884 1017; x_wconf 73' lang='grc' dir='ltr'><strong><em>ὑπεστήσαντο,</em></strong></span> <span class='ocrx_word' id='word_1_116' title='bbox 913 972 960 1019; x_wconf 76' lang='grc' dir='ltr'><strong><em>τῷ</em></strong></span> <span class='ocrx_word' id='word_1_117' title='bbox 979 972 1016 1008; x_wconf 83' lang='grc' dir='ltr'><strong><em>δὲ</em></strong></span> <span class='ocrx_word' id='word_1_118' title='bbox 1032 987 1093 1019; x_wconf 86' lang='grc' dir='ltr'><strong><em>με-</em></strong></span> 
     </span>
     <span class='ocr_line' id='line_1_17' title="bbox 75 1029 1093 1077; baseline -0.001 -12"><span class='ocrx_word' id='word_1_119' title='bbox 75 1032 177 1077; x_wconf 75' lang='grc' dir='ltr'><strong><em>γέθει</em></strong></span> <span class='ocrx_word' id='word_1_120' title='bbox 196 1029 388 1066; x_wconf 83' lang='grc' dir='ltr'><strong><em>σταδιαίαν</em></strong></span> <span class='ocrx_word' id='word_1_121' title='bbox 407 1031 558 1075; x_wconf 78' lang='grc' dir='ltr'><strong><em>ἑκάστην</em></strong></span> <span class='ocrx_word' id='word_1_122' title='bbox 575 1031 750 1077; x_wconf 78' lang='grc' dir='ltr'><strong><em>πλευράν’</em></strong></span> <span class='ocrx_word' id='word_1_123' title='bbox 788 1032 866 1071; x_wconf 83' lang='grc' dir='ltr'><strong><em>ταῖς</em></strong></span> <span class='ocrx_word' id='word_1_124' title='bbox 882 1029 919 1065; x_wconf 85' lang='grc' dir='ltr'><strong><em>δὲ</em></strong></span> <span class='ocrx_word' id='word_1_125' title='bbox 936 1030 1093 1076; x_wconf 76' lang='grc' dir='ltr'><strong><em>γλυφαῖς</em></strong></span> 
     </span>
     <span class='ocr_line' id='line_1_18' title="bbox 74 1082 1093 1136; baseline 0 -16"><span class='ocrx_word' id='word_1_126' title='bbox 74 1085 135 1121; x_wconf 82' lang='grc' dir='ltr'><strong><em>καὶ</em></strong></span> <span class='ocrx_word' id='word_1_127' title='bbox 154 1087 231 1127; x_wconf 83' lang='grc' dir='ltr'><strong><em>ταῖς</em></strong></span> <span class='ocrx_word' id='word_1_128' title='bbox 249 1083 372 1129; x_wconf 71' lang='grc' dir='ltr'><strong><em>ἄλλαις</em></strong></span> <span class='ocrx_word' id='word_1_129' title='bbox 386 1088 626 1136; x_wconf 77' lang='grc' dir='ltr'><strong><em>χειρουργίαις</em></strong></span> <span class='ocrx_word' id='word_1_130' title='bbox 650 1085 851 1133; x_wconf 81' lang='grc' dir='ltr'><strong><em>ὓπερβολήν</em></strong></span> <span class='ocrx_word' id='word_1_131' title='bbox 881 1082 946 1121; x_wconf 78' lang='grc' dir='ltr'><strong><em>οὔκ</em></strong></span> <span class='ocrx_word' id='word_1_132' title='bbox 964 1083 1093 1121; x_wconf 68' lang='grc' dir='ltr'><strong><em>ἀπέλι-</em></strong></span> 
     </span>
     <span class='ocr_line' id='line_1_19' title="bbox 73 1141 1091 1190; baseline 0.002 -14"><span class='ocrx_word' id='word_1_133' title='bbox 73 1154 145 1177; x_wconf 86' lang='grc' dir='ltr'><strong><em>πον</em></strong></span> <span class='ocrx_word' id='word_1_134' title='bbox 179 1143 253 1185; x_wconf 87' lang='grc' dir='ltr'><strong><em>τοῖς</em></strong></span> <span class='ocrx_word' id='word_1_135' title='bbox 282 1144 572 1190; x_wconf 80' lang='grc' dir='ltr'><strong><em>ἐπιγιγνομένοις,</em></strong></span> <span class='ocrx_word' id='word_1_136' title='bbox 625 1141 835 1184; x_wconf 78' lang='grc' dir='ltr'><strong><em>Εἷςελθόντι</em></strong></span> <span class='ocrx_word' id='word_1_137' title='bbox 851 1142 916 1189; x_wconf 82' lang='grc' dir='ltr'><strong><em>μὲν</em></strong></span> <span class='ocrx_word' id='word_1_138' title='bbox 938 1142 1009 1190; x_wconf 85' lang='grc' dir='ltr'><strong><em>γάρ</em></strong></span> <span class='ocrx_word' id='word_1_139' title='bbox 1028 1143 1091 1178; x_wconf 87' lang='grc' dir='ltr'><strong><em>τὸν</em></strong></span> 
     </span>
     <span class='ocr_line' id='line_1_20' title="bbox 73 1191 1091 1247; baseline -0.001 -14"><span class='ocrx_word' id='word_1_140' title='bbox 73 1198 269 1247; x_wconf 79' lang='grc' dir='ltr'><strong><em>περίβολον</em></strong></span> <span class='ocrx_word' id='word_1_141' title='bbox 287 1195 383 1241; x_wconf 81' lang='grc' dir='ltr'><strong><em>οἶκος</em></strong></span> <span class='ocrx_word' id='word_1_142' title='bbox 401 1191 444 1243; x_wconf 66' lang='grc' dir='ltr'><strong><em>ἦν</em></strong></span> <span class='ocrx_word' id='word_1_143' title='bbox 462 1199 690 1247; x_wconf 86' lang='grc' dir='ltr'><strong><em>περίστυλος,</em></strong></span> <span class='ocrx_word' id='word_1_144' title='bbox 718 1200 866 1244; x_wconf 80' lang='grc' dir='ltr'><strong><em>ἑκάστης</em></strong></span> <span class='ocrx_word' id='word_1_145' title='bbox 883 1198 1038 1247; x_wconf 74' lang='grc' dir='ltr'><strong><em>πλευρᾶς</em></strong></span> <span class='ocrx_word' id='word_1_146' title='bbox 1052 1200 1091 1234; x_wconf 79' lang='grc' dir='ltr'><strong><em>ἐκ</em></strong></span> 
     </span>
     <span class='ocr_line' id='line_1_21' title="bbox 73 1253 1091 1304; baseline -0.001 -15"><span class='ocrx_word' id='word_1_147' title='bbox 73 1255 337 1302; x_wconf 86' lang='grc' dir='ltr'><strong><em>τετταράκοντα</em></strong></span> <span class='ocrx_word' id='word_1_148' title='bbox 357 1257 483 1291; x_wconf 87' lang='grc' dir='ltr'><strong><em>κιόνων</em></strong></span> <span class='ocrx_word' id='word_1_149' title='bbox 509 1253 843 1304; x_wconf 77' lang='grc' dir='ltr'><strong><em>ἀναπληρουμένης·</em></strong></span> <span class='ocrx_word' id='word_1_150' title='bbox 878 1253 939 1290; x_wconf 79' lang='grc' dir='ltr'><strong><em>καὶ</em></strong></span> <span class='ocrx_word' id='word_1_151' title='bbox 957 1254 1091 1291; x_wconf 74' lang='grc' dir='ltr'><strong><em>τούτου</em></strong></span> 
     </span>
     <span class='ocr_line' id='line_1_22' title="bbox 73 1302 1089 1359; baseline 0.001 -14"><span class='ocrx_word' id='word_1_152' title='bbox 73 1311 273 1358; x_wconf 73' lang='grc' dir='ltr'><strong><em>μονόλιθος</em></strong></span> <span class='ocrx_word' id='word_1_153' title='bbox 290 1302 335 1355; x_wconf 70' lang='grc' dir='ltr'><strong><em>ἧν</em></strong></span> <span class='ocrx_word' id='word_1_154' title='bbox 358 1309 484 1359; x_wconf 81' lang='grc' dir='ltr'><strong><em>ὀροφὴ,</em></strong></span> <span class='ocrx_word' id='word_1_155' title='bbox 523 1312 675 1358; x_wconf 86' lang='grc' dir='ltr'><strong><em>φάτναις</em></strong></span> <span class='ocrx_word' id='word_1_156' title='bbox 693 1311 763 1348; x_wconf 83' lang='grc' dir='ltr'><strong><em>τισὶ</em></strong></span> <span class='ocrx_word' id='word_1_157' title='bbox 792 1311 1089 1358; x_wconf 81' lang='grc' dir='ltr'><strong><em>διαγεγλυμμένη,</em></strong></span> 
     </span>
     <span class='ocr_line' id='line_1_23' title="bbox 74 1363 1092 1416; baseline 0.001 -15"><span class='ocrx_word' id='word_1_158' title='bbox 74 1365 136 1401; x_wconf 87' lang='grc' dir='ltr'><strong><em>καὶ</em></strong></span> <span class='ocrx_word' id='word_1_159' title='bbox 154 1370 313 1415; x_wconf 80' lang='grc' dir='ltr'><strong><em>γραφαῖς</em></strong></span> <span class='ocrx_word' id='word_1_160' title='bbox 337 1367 523 1416; x_wconf 84' lang='grc' dir='ltr'><strong><em>διαφόροις</em></strong></span> <span class='ocrx_word' id='word_1_161' title='bbox 546 1369 810 1415; x_wconf 84' lang='grc' dir='ltr'><strong><em>πεποικιλμένη.</em></strong></span> <span class='ocrx_word' id='word_1_162' title='bbox 863 1363 949 1412; x_wconf 75' lang='grc' dir='ltr'><strong><em>,Εἶχε</em></strong></span> <span class='ocrx_word' id='word_1_163' title='bbox 974 1367 1014 1402; x_wconf 84' lang='grc' dir='ltr'><strong><em>δὲ</em></strong></span> <span class='ocrx_word' id='word_1_164' title='bbox 1031 1368 1092 1412; x_wconf 79' lang='grc' dir='ltr'><strong><em>τῆς</em></strong></span> 
     </span>
     <span class='ocr_line' id='line_1_24' title="bbox 73 1422 1089 1471; baseline 0.001 -14"><span class='ocrx_word' id='word_1_165' title='bbox 73 1422 248 1470; x_wconf 78' lang='grc' dir='ltr'><strong><em>πατρίδος</em></strong></span> <span class='ocrx_word' id='word_1_166' title='bbox 281 1425 342 1468; x_wconf 82' lang='grc' dir='ltr'><strong><em>τῆς</em></strong></span> <span class='ocrx_word' id='word_1_167' title='bbox 372 1425 524 1460; x_wconf 76' lang='grc' dir='ltr'><strong><em>ἑκάστου</em></strong></span> <span class='ocrx_word' id='word_1_168' title='bbox 559 1425 625 1459; x_wconf 84' lang='grc' dir='ltr'><strong><em>τῶν</em></strong></span> <span class='ocrx_word' id='word_1_169' title='bbox 644 1424 818 1471; x_wconf 75' lang='grc' dir='ltr'><strong><em>βασιλέοιν</em></strong></span> <span class='ocrx_word' id='word_1_170' title='bbox 837 1423 1089 1471; x_wconf 77' lang='grc' dir='ltr'><strong><em>ὑπομνήματα,</em></strong></span> 
     </span>
     <span class='ocr_line' id='line_1_25' title="bbox 75 1477 1091 1528; baseline 0.003 -15"><span class='ocrx_word' id='word_1_171' title='bbox 75 1478 137 1514; x_wconf 78' lang='grc' dir='ltr'><strong><em>καὶ</em></strong></span> <span class='ocrx_word' id='word_1_172' title='bbox 154 1480 222 1514; x_wconf 85' lang='grc' dir='ltr'><strong><em>τῶν</em></strong></span> <span class='ocrx_word' id='word_1_173' title='bbox 241 1478 342 1528; x_wconf 78' lang='grc' dir='ltr'><strong><em>ἱερῶν</em></strong></span> <span class='ocrx_word' id='word_1_174' title='bbox 360 1480 422 1516; x_wconf 78' lang='grc' dir='ltr'><strong><em>καὶ</em></strong></span> <span class='ocrx_word' id='word_1_175' title='bbox 438 1481 579 1516; x_wconf 80' lang='grc' dir='ltr'><strong><em>θυσιῶν</em></strong></span> <span class='ocrx_word' id='word_1_176' title='bbox 613 1481 682 1516; x_wconf 85' lang='grc' dir='ltr'><strong><em>τῶν</em></strong></span> <span class='ocrx_word' id='word_1_177' title='bbox 699 1482 736 1517; x_wconf 81' lang='grc' dir='ltr'><strong><em>ἐν</em></strong></span> <span class='ocrx_word' id='word_1_178' title='bbox 753 1477 847 1528; x_wconf 70' lang='grc' dir='ltr'><strong><em>αὐτῇ</em></strong></span> <span class='ocrx_word' id='word_1_179' title='bbox 871 1483 948 1522; x_wconf 78' lang='grc' dir='ltr'><strong><em>ταῖς</em></strong></span> <span class='ocrx_word' id='word_1_180' title='bbox 965 1481 1091 1516; x_wconf 87' lang='grc' dir='ltr'><strong><em>καλλι-</em></strong></span> 
     </span>
     <span class='ocr_line' id='line_1_26' title="bbox 74 1537 1091 1586; baseline 0.003 -17"><span class='ocrx_word' id='word_1_181' title='bbox 74 1548 176 1575; x_wconf 88' lang='grc' dir='ltr'><strong><em>σταις</em></strong></span> <span class='ocrx_word' id='word_1_182' title='bbox 200 1538 360 1583; x_wconf 84' lang='grc' dir='ltr'><strong><em>γραφαῖς</em></strong></span> <span class='ocrx_word' id='word_1_183' title='bbox 384 1538 596 1584; x_wconf 83' lang='grc' dir='ltr'><strong><em>φιλοτέχνως</em></strong></span> <span class='ocrx_word' id='word_1_184' title='bbox 624 1537 959 1586; x_wconf 83' lang='grc' dir='ltr'><strong><em>δεδημιουργημένα.</em></strong></span> <span class='ocrx_word' id='word_1_185' title='bbox 1011 1542 1091 1573; x_wconf 87' lang='grc' dir='ltr'><strong><em>Κα-</em></strong></span> 
     </span>
     <span class='ocr_line' id='line_1_27' title="bbox 75 1591 1091 1641; baseline 0 -15"><span class='ocrx_word' id='word_1_186' title='bbox 75 1592 194 1626; x_wconf 79' lang='grc' dir='ltr'><strong><em>θόλου</em></strong></span> <span class='ocrx_word' id='word_1_187' title='bbox 214 1591 251 1627; x_wconf 84' lang='grc' dir='ltr'><strong><em>δὲ</em></strong></span> <span class='ocrx_word' id='word_1_188' title='bbox 269 1592 440 1638; x_wconf 77' lang='grc' dir='ltr'><strong><em>τοιαύτην</em></strong></span> <span class='ocrx_word' id='word_1_189' title='bbox 475 1593 518 1640; x_wconf 79' lang='grc' dir='ltr'><strong><em>τῇ</em></strong></span> <span class='ocrx_word' id='word_1_190' title='bbox 555 1594 760 1641; x_wconf 70' lang='grc' dir='ltr'><strong><em>πολυτελείᾳ</em></strong></span> <span class='ocrx_word' id='word_1_191' title='bbox 780 1593 841 1629; x_wconf 82' lang='grc' dir='ltr'><strong><em>καὶ</em></strong></span> <span class='ocrx_word' id='word_1_192' title='bbox 875 1592 1091 1637; x_wconf 74' lang='grc' dir='ltr'><strong><em>τηλικαύτην</em></strong></span> 
     </span>
     <span class='ocr_line' id='line_1_28' title="bbox 73 1646 1092 1697; baseline 0.002 -15"><span class='ocrx_word' id='word_1_193' title='bbox 73 1646 122 1694; x_wconf 75' lang='grc' dir='ltr'><strong><em>τῷ</em></strong></span> <span class='ocrx_word' id='word_1_194' title='bbox 139 1650 285 1696; x_wconf 76' lang='grc' dir='ltr'><strong><em>μεγέθει</em></strong></span> <span class='ocrx_word' id='word_1_195' title='bbox 304 1649 368 1694; x_wconf 86' lang='grc' dir='ltr'><strong><em>τήν</em></strong></span> <span class='ocrx_word' id='word_1_196' title='bbox 387 1648 586 1686; x_wconf 79' lang='grc' dir='ltr'><strong><em>ὑπόστασιν</em></strong></span> <span class='ocrx_word' id='word_1_197' title='bbox 612 1651 677 1685; x_wconf 77' lang='grc' dir='ltr'><strong><em>τοῦ</em></strong></span> <span class='ocrx_word' id='word_1_198' title='bbox 697 1651 816 1695; x_wconf 87' lang='grc' dir='ltr'><strong><em>τάφου</em></strong></span> <span class='ocrx_word' id='word_1_199' title='bbox 835 1650 970 1697; x_wconf 85' lang='grc' dir='ltr'><strong><em>λέγεται</em></strong></span> <span class='ocrx_word' id='word_1_200' title='bbox 987 1648 1092 1693; x_wconf 79' lang='grc' dir='ltr'><strong><em>ποιή-</em></strong></span> 
     </span>
     <span class='ocr_line' id='line_1_29' title="bbox 74 1703 1089 1754; baseline 0.003 -15"><span class='ocrx_word' id='word_1_201' title='bbox 74 1706 217 1740; x_wconf 78' lang='grc' dir='ltr'><strong><em>σασθαι</em></strong></span> <span class='ocrx_word' id='word_1_202' title='bbox 237 1706 320 1746; x_wconf 77' lang='grc' dir='ltr'><strong><em>τοὺς</em></strong></span> <span class='ocrx_word' id='word_1_203' title='bbox 337 1706 515 1753; x_wconf 78' lang='grc' dir='ltr'><strong><em>βασιλεῖς,</em></strong></span> <span class='ocrx_word' id='word_1_204' title='bbox 553 1703 629 1748; x_wconf 78' lang='grc' dir='ltr'><strong><em>ὥςτ’</em></strong></span> <span class='ocrx_word' id='word_1_205' title='bbox 650 1704 679 1741; x_wconf 82' lang='grc' dir='ltr'><strong><em>εἰ</em></strong></span> <span class='ocrx_word' id='word_1_206' title='bbox 695 1707 743 1754; x_wconf 84' lang='grc' dir='ltr'><em>μή</em></span> <span class='ocrx_word' id='word_1_207' title='bbox 763 1707 830 1754; x_wconf 82' lang='grc' dir='ltr'><strong><em>πρὸ</em></strong></span> <span class='ocrx_word' id='word_1_208' title='bbox 851 1708 913 1741; x_wconf 72' lang='grc' dir='ltr'><strong><em>τοῦ</em></strong></span> <span class='ocrx_word' id='word_1_209' title='bbox 933 1705 1089 1742; x_wconf 76' lang='grc' dir='ltr'><strong><em>συντελέ-</em></strong></span> 
     </span>
     <span class='ocr_line' id='line_1_30' title="bbox 74 1761 1088 1810; baseline 0.003 -16"><span class='ocrx_word' id='word_1_210' title='bbox 74 1772 137 1795; x_wconf 90' lang='grc' dir='ltr'><strong><em>σαι</em></strong></span> <span class='ocrx_word' id='word_1_211' title='bbox 154 1761 217 1805; x_wconf 83' lang='grc' dir='ltr'><strong><em>τῄν</em></strong></span> <span class='ocrx_word' id='word_1_212' title='bbox 236 1762 407 1809; x_wconf 78' lang='grc' dir='ltr'><strong><em>ἐπιβολήν</em></strong></span> <span class='ocrx_word' id='word_1_213' title='bbox 421 1761 685 1808; x_wconf 79' lang='grc' dir='ltr'><strong><em>κατελύθησαν,</em></strong></span> <span class='ocrx_word' id='word_1_214' title='bbox 713 1762 889 1810; x_wconf 84' lang='grc' dir='ltr'><strong><em>μηδεμίαν</em></strong></span> <span class='ocrx_word' id='word_1_215' title='bbox 909 1762 954 1798; x_wconf 78' lang='grc' dir='ltr'><strong><em>ἂν</em></strong></span> <span class='ocrx_word' id='word_1_216' title='bbox 974 1761 1088 1810; x_wconf 81' lang='grc' dir='ltr'><strong><em>ὓπερ-</em></strong></span> 
     </span>
     <span class='ocr_line' id='line_1_31' title="bbox 119 1814 810 1848; baseline 0.004 -3"><span class='ocrx_word' id='word_1_217' title='bbox 119 1814 226 1846; x_wconf 66' lang='lat' dir='ltr'><strong>mon.</strong></span> <span class='ocrx_word' id='word_1_218' title='bbox 242 1817 283 1847; x_wconf 88' lang='lat' dir='ltr'><strong><em>T.</em></strong></span> <span class='ocrx_word' id='word_1_219' title='bbox 300 1816 328 1848; x_wconf 90' lang='grc' dir='ltr'><strong><em>Ι.</em></strong></span> <span class='ocrx_word' id='word_1_220' title='bbox 781 1819 810 1848; x_wconf 80' lang='grc' dir='ltr'>Π</span> 
     </span>
    </p>
   </div>
  </div>
 </body>
</html>
