1314 1970
172 132 407 167 BIBLIOTH.
434 133 558 166 HIST.
585 134 671 166 LIB.
693 134 721 166 Ι.
757 132 856 166 CAP.
883 137 944 174 21.
1024 140 1069 175 35

59 206 290 253 Βουλομένην
310 203 347 239 δὲ
364 204 427 249 τὴν
447 202 597 252 τάνδρὸς
614 203 732 251 ταφὴν
769 199 902 249 ἄδηλον
920 205 1056 249 ποιῆσα

61 259 123 295 καὶ
142 262 334 310 τιμωμένην
353 261 450 310 παρὰ
471 261 561 297 πᾶσι
580 262 652 302 τοῖς
671 261 732 304 τὴν
749 261 934 307 Αἴγυπτον
953 273 1071 296 κατοι-

62 318 175 362 κοῦσι,
211 317 415 354 συντελέσαι
449 315 489 351 τό
523 316 627 355 δόξαν
658 314 808 363 τοιούτῳ
843 315 912 351 τινὶ
938 317 1070 364 τρόπῳ.

58 370 216 421 Ἐκάστῳ
234 374 302 408 τῶν
317 374 432 420 μερῶν
450 373 665 420 περιπλάσαι
683 373 848 418 λέγουσιν
873 369 986 417 αὑτὴν
1013 371 1071 408 τύ-

64 443 133 464 πον
168 428 433 476 ἅνθρωποειδῆ,
470 428 722 477 παραπλήσιον
743 426 895 475 Ὀσίριδι
915 428 953 462 τὸ
972 429 1070 476 μέγε-

62 489 145 528 θος,
180 488 215 526 ἐξ
231 483 423 533 ἄρωμάτων
444 483 504 520 καὶ
527 486 650 532 κηροῦ.
703 481 1006 530 Εἶςκαλεσαμένην
1035 483 1071 519 δὲ

63 541 153 577 κατά
167 542 249 590 γένη
277 542 343 576 τῶν
363 539 491 589 ἱερέων,
524 541 699 588 ἐξορκίσαι
718 540 852 582 πάντας
869 540 993 588 μηδενὶ
1013 539 1071 584 δη-

61 598 181 634 λώσειν
200 599 263 642 τὴν
283 597 532 644 δοθησομένην
559 594 685 638 αὐτοῖς
701 597 839 631 πίστιν·
883 592 958 631 κατ’
977 593 1073 632 ἰδίαν

63 653 99 688 δὲ
119 655 279 694 ἑκάστοις
303 651 425 696 εἰπεῖν,
461 650 516 688 ὅτι
548 653 671 699 μόνοις
699 652 845 692 ἐκείνοις
870 653 1072 700 παρατίθε-

65 723 121 745 ται
156 711 219 755 τήν
239 710 304 744 τοῦ
323 709 484 757 σώματος
520 710 647 755 ταφήν,
685 706 744 743 καὶ
776 710 844 743 τῶν
868 705 1072 756 εὐεργεσιῶν

66 764 340 812 ὑπομνήσασαν,
377 766 625 814 παρακαλέσαι
644 765 840 811 θάψαντας
860 766 895 800 έν
913 766 988 805 τοῖς
1007 761 1073 799 26⁶¹-

65 835 116 862 οις
132 823 255 863 τόποις
289 823 330 858 τὸ
367 823 477 869 σῶμα,
514 822 622 869 τιμᾷν
651 819 694 861 ὡς
711 821 801 856 θεὸν
820 822 881 856 τὸν
910 816 1072 868 ’Ὄσιριν-

64 880 286 926 καθιερῶσαι
323 877 361 914 δὲ
386 877 446 912 καὶ
464 879 532 913 τῶν
553 878 746 923 γενομένων
766 873 847 923 παρ’
869 873 996 917 αὐτοῖς
1015 876 1073 919 ζώ-

64 947 110 969 ων
125 932 170 976 ἓν,
209 934 338 970 ὁποῖον
373 932 419 968 ἂν
451 934 673 980 βουληθῶσι.
729 931 804 967 Καὶ
825 931 931 968 τοῦτο
951 934 988 968 ἐν
1012 932 1075 979 μὲν

65 989 111 1037 τῷ
129 989 189 1036 ζῇν
207 990 325 1037 τιμᾷν,
364 991 533 1037 καθάπερ
571 988 632 1024 καὶ
657 989 829 1036 πρότερον
846 989 910 1024 τὸν
922 985 1073 1036 Ὄσιριν,

64 1046 151 1090 μετά
187 1044 224 1081 δὲ
259 1047 320 1091 τὴν
354 1047 514 1091 τελευτὴν
550 1048 609 1090 τῆς
644 1045 769 1086 ὁμοίας
799 1045 917 1092 ἐκείνῳ
935 1044 1075 1090 κηδείας

65 1100 196 1142 ἀξιοῦν.
254 1103 486 1149 Βουλομένην
506 1101 542 1136 δὲ
560 1103 623 1146 τήν
649 1094 742 1137 Ἰσιν
761 1100 821 1136 καὶ
840 1102 885 1148 τῷ
905 1101 1075 1137 λυσιτελεῖ

64 1158 344 1205 προτρέψασθαι
362 1158 444 1198 τούς
462 1157 564 1205 ἱερεῖς
581 1156 639 1192 ἐπὶ
657 1158 720 1199 τάς
734 1158 991 1205 προειρημένας
1025 1169 1072 1191 τι-

63 1214 138 1258 μάς,
173 1214 216 1248 ’τό
239 1213 353 1261 τρίτον
369 1213 473 1262 μέρος
492 1216 551 1258 τῆς
568 1213 682 1262 χώρας
700 1209 826 1254 αὗτοῖς
846 1213 969 1248 δοῦναι
988 1212 1076 1261 πρὸς

65 1270 126 1311 τάς
159 1271 226 1304 τῶν
276 1270 372 1305 θεῶν
406 1270 608 1318 θεραπείας
643 1283 679 1304 τε
728 1268 787 1304 καὶ
839 1269 1069 1316 λειτουργίας.

69 1325 160 1366 Τὸύς
179 1324 216 1360 δὲ
235 1323 335 1373 ἱερεῖς
354 1327 487 1373 λέγεται
503 1325 791 1374 μνημονεύοντας
809 1326 877 1360 τῶν
901 1321 1075 1373 Ὀσίριδος

64 1378 283 1431 εὐεργεσιῶν,
302 1381 363 1417 καὶ
380 1382 423 1430 τῇ
442 1381 700 1430 παρακαλούσῃ
719 1381 960 1428 βουλομένους
972 1381 1074 1428 χαρί·

64 1439 205 1482 ζεσθαι,
239 1439 326 1487 πρὸς
346 1437 383 1472 δὲ
419 1438 560 1478 τούτοις
593 1438 638 1485 τῷ
656 1438 827 1473 λυσιτελεῖ
852 1436 1070 1484 προκληθὲνσ

66 1507 136 1536 τας,
164 1494 282 1529 πάντα
299 1494 430 1542 πρᾶξαι
449 1495 537 1530 κατά
557 1495 618 1538 τήν
631 1490 759 1535 Ἴσιδος
778 1492 979 1539 ὗποθήκην.
1006 1492 1073 1528 Διὸ

65 1549 126 1585 καὶ
157 1551 258 1598 μέχρι
276 1551 338 1585 tot·
360 1552 425 1586 νῦν
458 1551 627 1591 ἑκάστους
644 1551 711 1586 τῶν
729 1548 845 1598 ἱερέων
864 1548 1074 1596 ὑπολαμβά-

67 1619 139 1640 νειν
155 1603 239 1654 παρ’
259 1609 398 1650 ἑαυτοῖς
414 1607 607 1652 τεθάφθαι
626 1607 687 1641 τὸν
702 1602 858 1652 Ὄσιριν,
897 1603 957 1640 καὶ
975 1605 1019 1640 τά
1037 1617 1072 1639 τε

66 1664 100 1702 ἐξ
117 1660 224 1709 ἀρχῆς
242 1660 490 1711 άφιερωθέντα
509 1664 576 1706 ζῶα
606 1662 723 1710 τιμᾷν,
752 1661 813 1697 καὶ
838 1660 1072 1707 τελευτησάν-

67 1731 133 1753 των
149 1715 264 1754 αὖτῶν
284 1721 319 1754 ἐν
338 1722 414 1761 ταῖς
431 1722 562 1766 ταφαῖς
571 1716 822 1754 ἀνανεοῦσθαι
839 1715 882 1753 τό
900 1719 964 1754 τοῦ
978 1713 1072 1753 Ὀσί-

67 1774 164 1820 ριδος
181 1775 324 1816 πένθος.
383 1777 475 1818 Τοὺς
494 1775 529 1811 δὲ
550 1775 704 1824 ταύρους
727 1775 824 1816 τούς”
845 1772 970 1824 ἱερούς,
1011 1773 1067 1808 τό»

767 1829 792 1858 C
820 1838 837 1862 2
